1792 2950
175 142 224 186 1oe
303 137 333 184 T.
346 135 433 184 leu
449 135 503 182 Lm
516 134 572 182 XL
590 133 651 183 Car.
663 138 705 180 41.

173 265 212 314 mi
227 263 351 317 oonoordii.
368 279 425 324 quos
440 265 585 317 elimittereut,
600 279 703 324 quom
719 263 841 309 retinerem

175 331 263 382 milites,
280 337 459 388 composuerunt.
492 327 551 374 Inde
568 327 670 380 Fulvius.
691 329 840 374 exauctoratis

174 394 279 440 militibus
294 393 318 437 in
334 407 402 438 nares
417 387 533 453 impodtis',
549 391 649 438 Romam
665 400 703 438 est
718 392 840 453 protectos

176 457 320 518 Sempronius
330 457 353 500 in
365 454 506 503 Celtiberiam
516 457 617 517 legione·
625 457 700 502 duxit.

208 519 276 566 XLI.
296 519 407 567 Consules
415 523 481 566 ambo
492 520 621 581 inligare·
634 521 751 566 exerdms
765 521 842 566 iudeu-

175 592 243 631 erunt
255 584 348 630 diversis
361 586 468 644 pastillus.
502 584 632 630 Postumius
644 583 719 645 primi
735 593 764 631 et
781 583 842 630 tertii

175 649 264 710 legione
282 648 390 695 Balistam
409 650 614 708 Suismontiumque
632 656 723 694 montes
741 649 841 694 obsedt:

175 721 207 766 et,
224 713 343 774 premendo
357 713 465 774 presidiis
479 720 588 774 angustos
597 713 667 758 saltrrs
676 728 768 765 eorum,
786 728 843 758 oom-

176 785 263 825 meutus
273 777 402 830 interclusit,
419 777 537 838 inopiaque
546 777 646 822 omnium
656 792 734 822 rerrrm
744 793 790 824 eos
799 793 843 838 per·

177 842 270 888 domuit.
305 840 406 895 Frdvius,
423 840 522 888 secundi
530 849 554 887 et
563 838 642 900 quarti
650 841 744 901 legione
754 842 841 886 udortus

177 921 192 951 a
206 905 265 951 Pisis
279 904 387 966 Apuanos
402 904 506 966 Ligures,
523 905 562 965 qru'
574 920 651 950 eorum
666 905 728 950 oirou
742 905 842 951 Macram

178 968 271 1016 fluvium
285 968 417 1022 incolebant,
434 969 458 1017 in
472 970 606 1015 deditionem
620 976 734 1029 acoeptos,
752 970 785 1014 ad
798 985 841 1028 sep

178 1041 223 1080 tem
234 1033 303 1079 mlllis
312 1034 427 1080 bominum
438 1035 461 1079 in
472 1049 540 1080 naves
549 1033 672 1094 impositos,
688 1041 778 1093 praeter
787 1048 842 1081 orum

178 1098 269 1144 Etrusci
280 1098 347 1143 maris
355 1097 474 1158 Neapolim
482 1098 616 1144 transmisit:
629 1096 681 1141 inde
691 1097 717 1141 iu
729 1098 843 1143 Samnimr

179 1161 288 1219 traducti;
299 1177 396 1224 agerque
406 1163 440 1208 his
450 1162 509 1208 inter
515 1162 631 1223 populares
639 1161 705 1207 datus
713 1169 757 1206 est·
778 1162 843 1207 Mon

179 1233 282 1272 tanorum
296 1225 407 1287 Ligurum
417 1228 444 1273 ab
455 1226 485 1272 Α.
500 1225 618 1272 Postumio
627 1225 702 1270 vineae
713 1241 792 1278 oaesae,
802 1225 843 1271 fiu-

180 1299 298 1352 mentaque
312 1291 403 1348 diusta3
421 1291 499 1343 donec,
516 1290 613 1336 cladibus
626 1289 733 1334 omnibus
746 1291 801 1335 belli
810 1306 844 1335 oo-

178 1356 231 1408 uoti,
247 1357 271 1401 in
290 1356 423 1402 deditionem
440 1361 557 1406 venerunt,
574 1369 680 1412 armaque
698 1353 842 1400 tradiderunt·

180 1419 282 1466 Navibus
296 1419 347 1466 inde
361 1418 491 1466 Postumius
504 1419 533 1464 ad
548 1417 663 1464 visendam
678 1433 745 1464 oram
764 1417 843 1479 lngus·

180 1500 260 1533 norum
272 1483 482 1544 Intemeliorumque
493 1482 604 1545 Ligurum
616 1483 735 1543 prooessit.
771 1483 844 1529 Prius·

180 1565 246 1608 quam
263 1550 286 1593 hi
302 1550 404 1595 consules
422 1549 524 1595 venirent
538 1548 567 1593 ad
585 1548 709 1612 exereitum
726 1548 768 1607 qui
786 1546 843 1593 Pius

181 1613 276 1659 indictus
295 1620 349 1667 erat,
367 1618 476 1674 praeerant
494 1612 524 1657 A.
538 1612 671 1658 Postumius
687 1618 712 1657 et
727 1611 800 1658 frater
815 1611 842 1663 Q„

182 1675 256 1722 Fusii
268 1674 304 1720 M.
315 1675 409 1725 Fulvius
420 1676 529 1722 Nobilior.
564 1676 674 1727 seeundae
683 1675 784 1736 legionis
796 1675 845 1721 Ful·

77 1780 82 1799 ,
181 1739 231 1784 vius
246 1737 347 1787 tribunus
363 1741 458 1788 militum
472 1748 532 1787 erat:
551 1741 571 1786 is
584 1740 697 1787 mensibus
707 1741 756 1787 suis
767 1740 845 1787 dimisit

181 1802 301 1862 legionem,
317 1804 460 1865 jurejurando
479 1804 562 1851 adactis
580 1804 754 1857 centurionibus,
777 1820 810 1852 aes
824 1805 844 1848 in

183 1865 284 1911 aerarium
295 1866 323 1911 sd
333 1875 455 1927 quaestores
466 1884 515 1915 osse
528 1869 645 1914 delaturos.
680 1868 738 1919 Hos
749 1869 788 1915 ubi
798 1868 845 1914 Pls-

183 1928 277 1977 centiam
287 1932 349 1992 (nam
360 1948 387 1977 eo
396 1932 455 1978 forte
463 1940 510 1979 erat
520 1930 642 1995 profectus)
650 1932 713 1978 Aulo
722 1934 844 1979 urmtiabun

178 2000 224 2047 ¹est,
242 2008 293 2039 oum
308 1996 416 2055 equitibus
432 1998 541 2058 expeditis
557 2003 646 2043 secutus
662 1996 777 2050 dimissos,
794 2011 844 2057 qrros

182 2074 262 2107 eorum
278 2061 350 2120 potuit
366 2062 460 2121 assequi,
478 2060 569 2107 deduxit
584 2060 705 2121 castigatos
723 2060 806 2107 Pisas:
821 2061 846 2105 de

184 2124 270 2171 caeteris
285 2125 398 2171 consulem
408 2126 526 2172 certiorem
535 2125 595 2172 feeit.
628 2123 666 2170 Eo
677 2124 798 2178 referente,
815 2141 845 2171 se·

184 2188 388 2237 natus-consultum
401 2190 485 2236 factum
501 2197 542 2243 est,
560 2197 585 2236 ut
599 2188 636 2235 M.
649 2186 747 2237 Fulvius
757 2190 781 2234 in
794 2189 845 2235 Hu-

183 2254 271 2314 paniam
286 2254 420 2315 relegaretur
435 2254 493 2300 ultre
506 2268 588 2300 novam
604 2250 774 2314 Carthaginem.
809 2253 845 2299 Li-

184 2324 283 2375 teraeque
299 2318 320 2363 ei
335 2318 392 2364 dntae
407 2324 459 2365 sunt
474 2333 488 2363 a
502 2318 594 2363 consule
606 2317 635 2363 ad
651 2316 679 2362 Ρ.
693 2316 810 2365 Manlium
824 2318 844 2361 iu
881 2335 882 2338 ¹

177 2376 319 2439 ,Hispaniam
338 2382 465 2429 ulteriorem
482 2380 612 2427 deferenda.
647 2380 737 2427 Milites
747 2382 807 2443 jussi
821 2380 845 2426 sd

97 2454 100 2459 ·
188 2441 252 2499 signa
264 2444 347 2490 redire:
366 2442 432 2491 causi
446 2445 583 2505 ignominia,
600 2444 634 2489 uti
648 2452 758 2491 mestre
768 2446 844 2507 stipen-

186 2500 247 2547 dium
261 2507 284 2553 in
298 2522 349 2553 eum
360 2523 442 2553 annum
457 2514 516 2554 esset
526 2509 547 2553 ei
557 2508 646 2569 legioni,
663 2508 794 2555 decretum
812 2508 844 2568 ‘lli

188 2562 251 2609 miles
261 2568 288 2611 ad
298 2572 418 2617 exercitum
429 2586 475 2617 non
486 2571 588 2628 redum,
602 2587 653 2623 eum
663 2572 739 2634 ipsum
749 2574 844 2635 bowlsst

184 2622 237 2685 ¹ffl'us
246 2630 341 2683 vendere
351 2635 428 2695 consul
433 2636 519 2700 Jussus,
