1792 2950
170 178 199 228 Τ.
213 179 301 238 L1V11
310 179 374 229 ‘lan'
382 178 475 228 xnw.
487 179 554 231 Car.
569 184 607 227 40.
673 185 719 231 295

6 346 7 372 p
59 306 170 372 neptim,
181 310 205 357 in
217 310 344 358 ulteriorem
361 311 430 373 ripam
444 308 535 372 edirgitr
545 308 613 371 ‘quod
623 324 674 356 cum
684 312 729 371 per'

6 410 8 436 3
60 373 241 435 aquensem
254 388 315 437 genu
331 381 396 421 tenus
412 375 486 428 altem,
501 381 545 423 tres
555 374 636 420 milites
645 388 729 434 seque·

6 474 7 500 3
61 446 150 493 rentur,
161 436 260 485 ‘l'htsoes
271 439 315 484 duo
326 435 359 500 [id
367 438 501 501 'umentum]
511 452 539 484 ex
546 438 619 484 medio
627 438 690 485 alveo
701 439 724 489 in
780 469 781 474 ,

6 557 8 565 k
61 517 129 550 susm
140 502 209 563 ripem
221 500 344 564 [trahentes
350 454 374 565 3l
382 504 451 548 altero
462 518 537 547 eorum
552 504 631 557 occiso,
648 512 729 563 recep-¹

61 575 136 627 toque
146 582 173 611 eo
185 568 295 628 jumento,
313 567 341 613 sd
357 567 477 612 stationem·
491 582 579 612 snorum
597 581 620 612 se
635 567 725 627 recipie·

61 633 126 677 hant.
207 631 212 642 ¹
246 638 347 676 entorum
362 628 475 676 Thracum
491 630 616 691 praesidium
633 630 656 676 in
674 631 731 676 hos:

6 732 8 738 ,
63 696 153 740 tinmrl
192 702 252 741 erat:
271 708 299 740 ex
310 695 345 739 his
354 694 418 755 pauci
428 694 507 755 primo,
520 710 580 755 segre
590 695 647 755 passi
655 704 731 757 popu-¹

6 755 7 758 '
63 760 137 805 luem
147 758 170 802 in
181 773 221 804 suo
232 765 352 818 conspectu
363 773 453 811 caesum,
471 758 500 804 nd
512 759 675 825 persequendos
691 760 727 804 in-

65 822 198 870 terfectores
208 821 300 868 flurium
308 823 439 883 transgressi
448 830 513 868 sunt:
527 822 577 868 dein
585 823 666 883 plures,
675 838 727 885 pos-

68 893 145 941 tremo
156 899 247 931 omna:
267 892 290 931 et
300 901 350 931 cum
361 886 463 947 praesidlo
483 906 485 911 ’

484 947 510 1011 [·
518 951 577 1010 quod
585 966 599 996 a
608 958 670 1019 perte
678 950 727 997 Ro-

69 1027 188 1067 manorum
199 1014 267 1074 ripam
278 1013 412 1066 defendebat,
425 1029 516 1059 manum
527 1022 652 1060 conserunt.
673 1014 728 1061 Non
756 1040 758 1045 ·

6 1075 7 1078 ’
70 1078 152 1124 desunt
160 1084 267 1130 annom,
277 1078 314 1137 qul
322 1078 390 1139 ipsius
398 1077 461 1124 Peull
467 1079 532 1137 jussu
543 1092 623 1137 eanm
631 1078 729 1125 detracto

6 1139 7 1188 J
68 1140 135 1187 freno
145 1141 263 1202 impulsum
275 1142 370 1187 scnhant
381 1142 405 1186 in
419 1141 521 1186 hostilem
537 1141 612 1201 ripam,
627 1143 730 1188 emissos-

71 1220 124 1266 qne,
136 1205 174 1264 qui
185 1206 326 1259 retraherent,
338 1213 363 1252 ut
373 1206 450 1271 hostes
459 1218 556 1265 pugnam
567 1204 650 1264 priores
661 1206 731 1253 leces-

73 1276 155 1316 serent.
182 1268 273 1315 Etenim
284 1284 334 1315 eum
342 1268 421 1329 viginti
432 1269 496 1314 caesis
507 1268 583 1314 hostiis
591 1268 676 1313 litatum
685 1282 732 1313 non

72 1340 140 1386 esset,
152 1332 240 1379 tandem
248 1334 300 1379 laete
310 1334 424 1394 vigesimae
434 1333 512 1394 primae
522 1338 574 1377 exta
581 1346 620 1376 eru
632 1330 691 1392 pices
701 1332 732 1378 its

73 1396 259 1450 renuntiaverant,
276 1404 307 1451 ut,
324 1396 433 1443 Romanis
451 1411 496 1441 non
511 1346 674 1447 lacessendus,
693 1396 734 1441 sed‘

5 1510 6 1513 ,
74 1460 587 1522 defendentihussesevictorinmpromitterent.
610 1456 730 1513 Caeterum,

75 1527 123 1572 sive
134 1525 225 1572 oonsilio
236 1527 304 1580 ducis,
317 1527 364 1572 sive
374 1541 433 1579 casu,
443 1527 470 1571 ab
480 1526 523 1570 hoc
531 1531 590 1570 certe
598 1523 660 1569 initio
671 1535 732 1569 com-

75 1589 144 1636 missa
154 1604 235 1653 pugna,
247 1589 295 1636 aliis
305 1605 370 1652 super
380 1591 435 1636 alios
445 1589 474 1635 ad
482 1587 594 1634 ferendam
610 1587 654 1632 suis
668 1603 732 1650 opem

75 1653 188 1716 utrimque
197 1654 355 1708 advolantibus,
366 1655 427 1701 brevi
438 1654 469 1698 ita
479 1667 571 1698 accensu
580 1657 620 1704 est,
631 1657 656 1696 ut
667 1651 733 1699 duces

75 1725 211 1780 cogerentur
224 1718 355 1765 descendere
368 1719 391 1764 in
405 1719 532 1764 universum
544 1729 636 1762 summae
647 1716 678 1762 rel
690 1715 734 1761 dis-

76 1783 169 1829 crimen.
204 1781 309 1828 AEmilius
321 1783 387 1837 enim,
398 1783 496 1828 tumultu
507 1779 684 1827 concurrentium
695 1791 736 1826 eu:

75 1847 132 1898 sito,
144 1845 248 1906 pmtorio
264 1861 373 1908 egressrm
392 1854 507 1908 postquem
525 1860 609 1892 caecum
624 1845 734 1891 ruentium

76 1910 107 1957 sd
117 1923 179 1956 arma
187 1909 294 1970 impetum
309 1923 412 1957 revocare
421 1918 460 1956 snt
470 1911 546 1956 sistere
561 1924 601 1955 nec
614 1908 679 1955 facile
694 1925 736 1955 nec

75 1981 154 2021 tutum
163 1973 284 2026 videbatur,
295 1974 402 2020 utendum
414 1974 491 2020 ardore
505 1974 606 2026 militum,
622 1980 645 2018 et
661 1987 736 2019 casnm

76 2039 104 2084 in
115 2037 252 2084 occasionem
263 2037 391 2084 vertendum
402 2039 494 2098 putarit,
522 2035 604 2082 Educit
614 2038 687 2096 itaque
698 2052 736 2082 co-

76 2103 127 2166 pias
138 2101 221 2154 nestris,
238 2109 260 2148 et
270 2102 357 2148 ordines
367 2101 523 2160 interequitans
535 2101 642 2151 hortetur,
658 2105 684 2143 ut
697 2113 737 2144 ex-

76 2166 173 2229 petitam
188 2171 301 2226 tantopere
318 2179 416 2226 pugnam
432 2165 479 2225 pari
498 2163 574 2210 ardore
590 2169 734 2222 capesserent.

42 2244 52 2254 ⁴
80 2225 739 2292 SimulNasionpraemissnssdexplorandumquoinstetu

80 2309 119 2340 res
130 2300 204 2339 essent
214 2294 271 2340 inter
287 2293 379 2354 primam
396 2293 480 2338 cientes
497 2305 603 2351 pugnam,
621 2289 739 2336 adventare

80 2359 193 2404 instructo
201 2358 299 2403 exercitu
305 2357 412 2403 Perseum
423 2355 539 2400 nuntiarit.
558 2351 738 2400 ¹Primi'Ihrnces

80 2420 220 2473 incedebant,
235 2422 292 2468 truci
302 2421 371 2473 vultu,
388 2432 479 2480 corpore
493 2431 591 2478 procero,
608 2416 740 2478 splendenti-

81 2487 126 2544 bus
133 2484 191 2530 miro
201 2485 295 2531 candore
303 2485 385 2546 clypeis
395 2484 475 2530 laevam
483 2481 582 2544 prptecti.
612 2479 739 2526 Humerum

82 2556 204 2608 utrumqne
214 2549 278 2610 nigra
285 2550 390 2595 vestiebat
400 2547 512 2607 chlamys:
532 2547 558 2592 ab
569 2545 646 2591 dextro
662 2544 740 2591 imme·

83 2627 138 2659 nem
148 2612 246 2674 pondere
255 2611 485 2660 frameamidentidem
497 2611 645 2658 coruscabant.
670 2607 741 2665 Juxts
761 2639 764 2644 ι

82 2676 187 2735 ‘flemene
195 2674 315 2725 mutere
325 2676 426 2725 meroede
435 2675 545 2724 conducta
556 2674 644 2740 surrilis(
654 2673 740 2722 diverm
