1792 2950
154 113 198 174 ,ιι
252 69 602 180 ,normann-xxxiii.
622 107 735 157 cmm

167 253 225 293 eum,
242 254 308 300 quam
323 238 391 286 tidem
407 238 467 285 dedit
482 239 617 291 adolescens,
634 239 663 284 ab
675 237 711 290 iris
726 234 835 307 sacrisque
885 242 886 301 }

168 310 349 366 temperaturum.
380 345 381 348 ,
468 307 471 313 ’
885 304 886 343 i

187 395 189 400 ·
199 366 247 414 XI.
265 367 388 427 Postquam
400 367 490 414 domum
501 369 570 421 venit.
582 375 605 414 et
615 374 687 413 mater
696 365 834 413 mentionem
885 422 886 425 Ἴ

128 478 130 484 ,
165 432 247 485 intulit,
265 431 318 491 quid
334 447 361 477 eo
377 432 420 486 die,
437 432 491 493 quid
506 433 610 493 deinceps
625 433 719 484 caeteris,
739 445 790 491 quar
806 429 835 496 ad
885 432 886 487 ζ

167 509 230 541 sacra
239 496 382 556 pertinerent,
397 495 523 544 faciendum
536 504 611 552 essen
627 503 709 557 negat„
718 508 797 541 eorum
810 507 836 538 se

62 614 66 624 .
167 558 286 619 quidquam
301 559 419 614 facturum,
437 576 478 608 nec
493 562 574 608 initiari
590 561 631 607 sibi
646 561 670 605 in
685 560 760 606 animo
774 572 832 605 esse·

166 622 253 670 Aderat
264 626 360 672 sermoni
371 626 463 674 vitricus
470 644 482 674 ε,
495 626 612 672 confestim
626 625 706 670 mulier
715 623 834 674 exchmttr

169 693 184 715 ‘⁴
197 681 299 750 Hispalre
316 691 433 736 concubitu
449 705 524 736 carere
537 705 588 736 eum
604 690 681 735 docem
696 692 773 734 noctes
788 701 836 732 nou

166 766 245 813 porse:
267 753 326 800 illius
340 762 437 801 excetrae
452 755 605 801 delenimentis
619 761 642 800 et
655 753 749 799 venenis
762 751 837 797 imbu-

168 823 223 878 tum,
236 832 278 865 nec
288 820 392 879 parentis,
405 834 446 865 nec
457 820 536 872 vitrici,
551 834 593 866 nec
604 817 714 870 Deorum,
726 830 836 862 verecun-

168 880 226 928 diam
237 882 343 930 habere''
376 882 393 932 J
394 891 499 945 urgentes
509 884 561 929 hinc
574 891 652 934 mater,
668 882 720 928 hinc
733 881 835 932 vitricus,

168 960 220 992 cunr
228 954 321 1008 quatuor
330 963 380 995 eum
389 949 460 996 servis
468 950 535 995 domo
542 955 673 1009 exegerunt.
697 945 837 992 Adolescens

167 1009 219 1056 inde
234 1011 262 1057 ad
274 1011 389 1060 AEbutiam
401 1029 425 1059 se
436 1015 526 1060 amitam
536 1013 643 1059 contuiit:
662 1024 796 1070 causamque
806 1009 835 1062 ei,

169 1089 208 1120 cur
219 1083 278 1122 esset
284 1087 301 1122 ¹a
312 1085 382 1124 matre
389 1079 480 1139 ejectus,
494 1078 604 1124 narravit:
622 1075 708 1142 deinde,
720 1076 836 1121 exaud&

168 1139 233 1186 ritate
243 1142 298 1202 ejus,
309 1149 398 1202 postero
409 1143 445 1190 die
455 1143 484 1189 ad
494 1142 608 1188 consulem
617 1140 765 1191 Postumiana,
778 1138 837 1184 arbi·

168 1203 209 1249 tris
220 1206 318 1258 remotis,
334 1221 381 1252 rem
394 1207 479 1252 detulit.
516 1204 603 1253 Consul
612 1212 664 1267 post
674 1205 733 1250 diem
743 1203 848 1249 tertium

168 1267 197 1314 ad
208 1284 232 1316 se
242 1273 331 1332 jussum
346 1271 416 1317 redire
427 1271 523 1317 dimisitt
541 1271 588 1332 ipse
600 1270 726 1331 Sulpiciam,
734 1274 836 1330 ‘gravem

167 1331 280 1387 feminam,
300 1349 388 1380 socrum
405 1351 475 1388 sumn,
495 1343 636 1397 percontatus
652 1342 694 1387 est,
716 1340 731 1362 “
742 1346 836 1392 ecqtram

167 1412 235 1444 anum
245 1399 361 1446 AEbutiam
372 1415 401 1446 ex
414 1401 530 1446 Aventino
545 1396 621 1446 ruisset
626 1398 654 1444 ?’‘
684 1396 744 1446 Cum
761 1404 777 1426 “
785 1411 836 1443 eam

167 1458 241 1519 misse,
259 1465 362 1525 probam,¹
374 1473 397 1512 et
411 1465 497 1526 antiqui
512 1465 581 1511 moris
595 1461 836 1525 feminam‚’'·respm-

168 1528 251 1585 dicset;
270 1536 285 1558 ‘⁴
294 1543 349 1589 opus
364 1545 413 1575 esse
427 1531 468 1576 sibi
482 1528 509 1575 eri
523 1527 649 1576 conventi?
664 1528 733 1575 dixit:
756 1534 773 1557 “
783 1526 837 1574 mit·

166 1597 226 1638 teret
241 1595 343 1638 nuntium
358 1594 386 1638 ad
400 1609 457 1647 eam,
475 1601 500 1640 ut
514 1592 626 1640 veniret.”
659 1592 752 1639 AEbutia
766 1592 837 1639 accita

168 1656 197 1703 ad
209 1655 327 1716 Sulpiciam
339 1658 413 1703 venit:
433 1665 456 1703 et
467 1659 546 1704 consul
556 1658 622 1719 paulo
633 1665 692 1719 post,
706 1656 770 1703 velut
777 1655 837 1703 forte

167 1718 330 1773 intervenisset,
350 1734 475 1767 sermon·
490 1724 518 1769 de
534 1722 627 1769 AEbutio
640 1721 715 1768 fratris
728 1722 778 1781 eJus
790 1719 837 1767 fitia

168 1782 242 1829 infert.
278 1781 397 1844 Lacrymae
408 1787 494 1833 mulieri
504 1789 596 1840 obortae,
611 1795 635 1833 et
648 1785 748 1831 miserari
759 1800 837 1831 mum

168 1846 314 1895 adolescentis
329 1846 405 1909 coepit,
423 1852 469 1911 qui,
486 1853 594 1913 spoliatus
608 1850 711 1902 fortunis,
728 1850 838 1909 aquibus
885 1867 886 1870 ¹

169 1911 261 1958 minime
272 1918 390 1973 oporteret,
402 1916 461 1976 apud
469 1932 493 1961 se
503 1924 556 1961 tunc
565 1922 630 1968 esset,
643 1915 726 1975 ejectus
734 1928 748 1958 a
756 1917 835 1965 maire,
885 1921 886 1930 ¹

169 1975 230 2035 quod
239 1977 321 2037 probus
331 1978 460 2025 adolescens
472 1978 525 2042 (Dii
534 1979 623 2040 propitii
632 1984 707 2025 essent
714 1975 732 2038 i)
748 1977 837 2023 obscoe·

169 2039 211 2093 nis,
224 2047 250 2087 ut
259 2039 318 2087 fama
329 2050 394 2096 esset,
408 2045 476 2091 sacris
485 2044 566 2093 initiari
577 2044 653 2089 nollet.
765 2047 768 2051 ’

146 2104 153 2111 “
203 2104 263 2151 XII.
286 2106 344 2153 Satis
361 2108 389 2153 de
405 2108 500 2155 AEbutio
516 2108 654 2169 exploratum
671 2113 732 2152 ratus
747 2106 836 2157 connrl,

169 2185 215 2217 non
228 2185 310 2219 vanum
326 2180 439 2218 auctorem
455 2188 510 2226 esse,
527 2170 617 2218 dimissi
631 2169 735 2223 AEbutin·
747 2176 837 2232 socrum

169 2243 241 2297 rogat,
253 2244 279 2281 ut
291 2235 417 2299 Hispalam,
430 2236 528 2298 indidem
538 2252 567 2283 ex
578 2237 693 2283 Aventino
703 2234 835 2286 libertinam.

170 2312 216 2345 non
226 2300 327 2360 ignotam
335 2302 429 2355 viciniae,
442 2309 563 2348 arcesseret
571 2302 600 2347 ad
608 2316 666 2348 sese:
682 2314 731 2346 eam
739 2313 836 2359 quoquc,

170 2376 227 2415 0⁸⁸³,
243 2378 294 2423 quae
307 2366 431 2426 percontari
442 2367 515 2413 vellet.
551 2366 589 2411 Ad
599 2368 662 2427 cujus
672 2365 776 2410 nuntium
787 2378 838 2425 per-

170 2426 259 2472 turbata
277 2427 378 2490 Hispala,
399 2431 460 2491 quod
477 2431 569 2477 adnm
588 2430 683 2476 nobilem
702 2436 725 2475 et
737 2429 836 2489 'gravem

172 2488 277 2551 ¹sentinam
296 2492 373 2553 ignara
391 2510 465 2543 cauare
481 2502 642 2549 arcesseremr3
664 2500 782 2553 postquam
798 2492 837 2537 iic·

173 2560 234 2600 tores
244 2553 267 2599 in
277 2557 385 2605 vestibulo
396 2560 525 2619 turbamque
535 2558 673 2604 considerem
688 2563 712 2603 et
723 2556 837 2603 consulem

153 2692 157 2699 Ι
173 2618 246 2678 ipsum
257 2621 379 2707 consperpit,
391 2638 460 2686 prope
468 2622 594 2673 exanimus
603 2628 644 2671 est·
660 2618 701 2668 'In
710 2620 838 2671 manasen
