1792 2950
170 149 210 193 so
265 143 293 192 a.
307 143 395 192 uum
412 143 465 192 ue
478 138 602 205 xatus
620 141 735 194 omos

87 304 90 314 .
157 265 230 334 *logei
240 268 339 327 dedisse3
351 287 392 320 nec
401 273 458 319 male
466 272 603 321 cousuluisse
612 274 703 328 civitati,
714 287 836 328 cumenn-

168 332 212 382 ciiii
221 335 294 382 nostri
309 349 357 380 eom
372 335 496 388 fecerimus,
514 344 537 380 et
551 338 614 383 nobis
628 339 787 392 miscuerimus,
804 348 831 387 ut
885 378 886 403 ,

168 393 248 458 corpus
263 412 331 442 uuum
347 404 369 442 et
378 399 500 462 'concilium
515 400 583 446 totius
598 399 747 462 Peloponnesi
760 411 827 450 esset.
885 434 886 437 =

166 461 240 518 Tunc,
259 468 283 522 ut
294 461 378 522 opinor,
397 462 415 508 si
426 463 474 508 aliis
484 463 525 524 ipsi
535 464 621 524 legibus
631 466 764 520 viveremus,
775 468 830 514 alias

167 526 215 571 istis
228 525 407 586 injunxissemus,
425 527 494 585 queri,
512 543 536 574 se
546 528 621 587 iniquo
627 531 744 589 jureesse,
760 532 831 578 etin-

167 579 254 651 dignari
269 597 367 650 possent.
403 589 455 636 Scio
472 607 523 652 ego,
541 593 586 653 Ap.
600 590 687 646 Claudi,
704 595 762 640 hanc
778 611 830 658 ora·

166 653 257 705 tionem,
274 651 318 714 qud
334 669 382 717 sum
398 654 468 700 adhuc
483 671 544 707 usus,
561 671 632 716 neque
647 658 756 704 sociorum
771 659 833 721 apud

167 717 245 770 socios,
264 732 334 777 neque
348 718 421 780 liberae
435 719 510 779 gentis
521 735 584 776 esse;
601 721 640 766 sed
650 737 702 767 vere
713 737 829 770 servorum

91 785 96 798 ‘
167 780 333 843 disceptantium
345 782 402 842 apud
413 783 521 829 dominos.
556 783 624 837 Nam,
639 785 657 831 si
669 801 714 830 non
725 787 830 836 voratus

166 859 212 904 uox
229 846 337 905 praecouis
350 847 399 899 suit,
417 845 461 906 qud
477 848 556 894 liberos
571 863 620 894 esse
634 851 732 895 omnium
744 852 829 912 primos

166 908 264 956 Achaeos
274 910 378 972 jussistis,
396 911 414 966 si
428 906 503 957 foedus
516 921 587 958 ratum
602 920 643 966 est,
661 914 680 960 si
695 915 789 962 societas
806 924 831 962 et

166 972 262 1026 amicitia
276 988 304 1018 ex
319 976 536 1034 aequoohservatur5
554 993 593 1022 cur
603 993 653 1039 ego,
671 978 730 1037 quid,
749 977 828 1042 crpus

108 1063 110 1074 ·
165 1033 236 1096 capti,
253 1035 348 1084 feceritis
366 1038 470 1091 Romani,
487 1055 533 1085 uon
550 1056 640 1101 quaero3
659 1058 700 1088 vos
718 1044 828 1092 ndonm

166 1101 286 1162 reposcitis,
304 1102 355 1162 quid
370 1103 448 1148 Achaei
464 1102 640 1151 Lacedaemoniis
649 1106 707 1152 bello
718 1107 784 1154 victis
793 1109 835 1160 fe-.

165 1165 277 1220 cerintus?
290 1163 404 1212 interfecti
411 1167 476 1226 aliqui
485 1177 550 1225 sunt;
560 1168 628 1230 tinge,
638 1171 729 1216 anobis.
750 1171 826 1226 Quid?

164 1243 205 1283 vos
217 1237 329 1275 senatores
338 1228 464 1292 Campanos
472 1233 543 1277 securi
551 1248 596 1278 non
603 1235 759 1294 percussistis?
768 1236 827 1286 Mu·

164 1307 201 1356 ros
211 1291 330 1339 diruimusz
349 1310 390 1340 vos
405 1310 451 1340 non
466 1311 542 1342 muros
555 1305 649 1350 tantum,
667 1299 705 1344 sed
715 1300 828 1349 urbemet

163 1371 230 1418 agros
241 1358 359 1404 ademistis.
395 1367 401 1388 ⁸
412 1359 506 1422 Specie’
521 1361 602 1421 inquis,
621 1369 628 1390 ⁴
639 1377 727 1422 aequian
738 1371 773 1411 est
783 1365 828 1414 fm-

164 1420 218 1482 dus:
238 1437 262 1468 re
279 1423 342 1483 apud*
355 1424 453 1470 Achaeos
471 1425 568 1486 precaria
585 1426 681 1480 libertas,
698 1429 756 1489 apud
775 1428 826 1479 Ro-

163 1500 241 1533 manos
252 1488 317 1533 etism
328 1488 442 1549 imperium
454 1488 506 1535 est'
532 1490 616 1542 Sentio,
628 1491 695 1553 Appi,
706 1501 737 1546 et,
750 1494 770 1539 si
781 1511 827 1543 non
885 1515 887 1531 ι

163 1558 257 1611 oportet,
275 1566 320 1596 non
338 1552 456 1613 indiguor;
481 1552 519 1599 sed
538 1570 577 1601 oro
597 1570 644 1607 vos,
665 1560 846 1615 quantumlibet·

162 1613 249 1660 intersit
259 1615 315 1660 inter
324 1615 439 1662 Romanos
450 1626 473 1663 et
485 1617 589 1671 Achaeos,
606 1620 673 1665 modo
684 1635 713 1667 ne
723 1622 825 1685 iuaequo
885 1631 886 1666 t

161 1676 237 1723 hostes
252 1679 319 1723 vestri
334 1680 446 1739 nostrique
460 1681 518 1741 apud
533 1698 573 1728 vos
588 1684 639 1737 sint,
656 1700 683 1731 ac
698 1700 740 1732 nos
753 1690 810 1736 socii
815 1708 826 1748 ;

161 1738 230 1785 immo
240 1755 268 1785 ne
280 1742 369 1786 meliore
374 1744 426 1803 jure
436 1743 488 1788 sint.
514 1744 582 1799 Nam,
595 1756 620 1793 ut
630 1748 653 1793 in
664 1764 729 1810 aequo
739 1762 824 1808 essert,

160 1816 202 1847 uos
212 1802 312 1855 fecimus,
330 1820 380 1851 cum
391 1806 452 1867 leges
463 1808 490 1853 iis
500 1818 587 1859 nostras
595 1812 708 1871 dedimus;
726 1831 787 1870 cum,
800 1826 826 1864 ut

121 1910 122 1919 ,
160 1866 239 1911 Achaei
254 1868 340 1915 concilii
354 1880 435 1929 essent,
453 1871 571 1920 effecimus.
607 1874 689 1922 Parum
703 1889 738 1929 ost
749 1880 823 1936 victis,
885 1927 886 1930 ,

159 1930 219 1989 quod
227 1932 345 1979 victoribus
356 1935 408 1983 satis
416 1943 463 1981 est:
478 1933 527 1996 plus
536 1939 649 1998 postulant
659 1942 742 1996 hostes,
755 1960 823 2005 qum
885 1937 886 1968 ³

158 1994 212 2039 socii
222 1994 308 2041 habent.
345 1998 403 2051 Quae
413 2000 563 2061 jurejurando,
581 2018 631 2063 quae
641 2007 826 2057 monimentisli-
885 2019 886 2054 t

91 2102 92 2105 ,
158 2064 253 2105 terarum
270 2060 292 2105 in
309 2060 379 2121 lapide
393 2063 508 2125 insculptis
525 2065 548 2109 in
568 2077 673 2114 aeternam
690 2074 822 2121 memoriam
885 2075 887 2082 ’

157 2130 233 2169 sancta
242 2133 308 2183 atque
318 2133 402 2172 sacrata
412 2137 510 2179 sunt,·ea
520 2144 571 2174 cum
582 2133 676 2193 perJurio
687 2144 765 2182 nostro
777 2140 821 2185 tol·
885 2135 887 2140 ’

155 2186 200 2233 lere
214 2200 298 2249 parant.
334 2189 444 2236 Veremur
458 2192 546 2251 quidem
562 2210 610 2247 vos,
628 2196 734 2252 Romani,
752 2209 784 2255 et,
799 2204 821 2249 si
885 2197 886 2200 ¹

155 2250 186 2296 ita
202 2253 275 2302 vultis,
293 2254 358 2299 etiam
379 2255 495 2301 timemus:
514 2258 553 2302 sed
569 2259 618 2318 plus
632 2267 658 2306 et
675 2273 780 2314 veremur
796 2274 822 2313 et

154 2314 258 2362 timemus
269 2315 334 2363 Deos
344 2318 506 2365 immortales.’'
540 2318 599 2367 Cum
610 2338 701 2371 assensu
713 2330 820 2380 maxime
885 2358 887 2372 .

153 2379 221 2437 partis
235 2389 268 2425 est
285 2381 377 2433 auditus,
395 2389 418 2427 et
432 2383 531 2429 locutum
549 2400 627 2432 omnes
644 2404 685 2449 pro
703 2394 825 2453 majestate
885 2377 886 2452 i

154 2441 296 2499 magistratus
313 2447 444 2503 censebant;
461 2460 486 2491 ur
501 2446 566 2493 facile
582 2461 702 2511 appareret,
720 2458 819 2504 molliter
885 2455 886 2518 i

154 2502 239 2608 ssendo
254 2506 381 2565 dignitatem
396 2524 458 2555 suam
472 2518 548 2557 tenere
557 2511 673 2563 Romanos
683 2533 730 2563 uon
740 2510 822 2581 posse.-

178 2578 214 2608 um
226 2565 318 2627 Appius,
332 2578 347 2599 ‘⁶
356 2572 447 2619 suadere
458 2588 482 2618 se
492 2589 627 2636 magnopere
637 2581 756 2637 Achaeis,”
768 2586 819 2632 dix-

152 2625 177 2678 it,
199 2634 260 2691 “,uu
278 2630 330 2680 dum
349 2634 556 2685 liceret¹voluutate
571 2637 612 2687 sui
623 2642 708 2698 faeere,
716 2649 818 2711 gestiam

227 2738 231 2761 t
