1792 2950
176 196 306 257 numu
322 196 375 245 aa
388 192 469 244 xuv.
489 185 550 245 cm
562 188 601 243 ar.
645 178 647 187 ⁴
673 193 721 239 aas
776 176 777 183 ’

57 326 288 390 sumpommr’
316 308 722 387 rietumprosquauspnn.

55 394 170 455 ingerere
194 392 302 446 Tandem,
311 393 355 439 boc
362 391 458 437 tumultu
467 390 550 443 sedato,
561 387 596 434 Μ.
607 386 720 437 Servilius,

58 456 100 518 qui
111 458 189 505 consul
198 465 222 503 et
232 458 339 519 magister
348 457 446 515 equiturn
457 454 536 508 luerat,
550 460 575 498 ut
591 452 619 497 de
632 451 721 510 integro

57 537 112 568 eam
124 538 170 568 rem
181 532 279 584 agerent,
292 520 424 567 ab‘tnbunis
436 526 518 581 petere,
537 516 665 576 dicendique
682 512 722 559 sibi
774 505 777 511 ’

58 586 91 633 nd
101 588 207 649 populum
223 593 356 649 potestatem
370 584 476 630 facerent.
510 581 611 633 Tribuni,
630 594 680 626 cum
696 576 724 623 ad

58 650 225 697 deliberandum
237 651 386 703 secessissent,
399 648 453 695 victi
467 645 632 694 auctoritatibus
642 642 724 704 princi·

57 730 123 777 pum,
142 715 170 761 de
185 717 274 777 integro
290 730 357 776 agere
368 720 489 775 coeperunt,
503 716 688 767 revocaturosque
700 720 724 751 se

56 780 150 826 easdem
167 781 236 826 tribus
252 776 412 831 renuntirlrunt,
432 778 451 823 si
468 776 504 823 Μ.
521 774 627 823 Servilius
644 772 724 832 aliique

56 844 149 907 priuati,
161 846 199 905 qui
209 844 282 891 dicere
293 844 383 895 vellent,
399 842 513 887 dixissent.

94 906 231 954 XXXVII.
249 908 310 955 Tum
322 907 441 955 Servilius:
463 913 478 935 ‘⁸
491 904 595 959 Quantus
605 902 724 981 imperator

58 972 92 1021 L.
103 971 210 1019 AEmiliua
219 972 293 1023 fuerit,
306 972 413 1026 Quirites,
426 971 444 1017 si
455 984 484 1017 ex
495 968 537 1016 alid
549 983 573 1014 re
588 966 648 1013 nulla
664 965 725 1012 testi·

58 1039 119 1085 mari
135 1038 212 1099 possit,
231 1038 268 1084 vel
281 1037 392 1095 hocsatia
401 1042 456 1087 erat,
469 1034 535 1094 quod,
548 1047 599 1078 curn
610 1039 656 1077 tam
668 1030 726 1076 sedi·

58 1103 133 1149 tioscs
143 1110 167 1148 et
175 1103 236 1148 leves
247 1102 334 1155 milites,
346 1109 392 1147 tam
403 1098 506 1151 nobilem,
519 1104 564 1143 tarn
575 1095 724 1147 temerarium,

59 1174 109 1213 tam
121 1166 262 1227 eloquentem
275 1166 303 1211 ad
317 1164 464 1226 instigandam
477 1160 640 1207 multitudinem
652 1158 726 1203 iuimi-

60 1247 116 1278 cum
127 1232 151 1277 in
161 1232 239 1277 castris
253 1232 349 1284 baberet,
362 1228 444 1274 nullam
453 1227 475 1272 iu
487 1223 586 1273 exercitu
597 1222 726 1269 seditionem

61 1296 148 1343 mouit
175 1295 262 1342 Eadem
269 1295 374 1341 severitas
380 1292 472 1354 imperii,
483 1304 548 1351 quam
557 1302 617 1333 nunc
625 1286 725 1338 oderunt,

59 1368 118 1407 tunc
129 1375 168 1407 ecs
176 1360 291 1407 continuit.
327 1358 412 1419 Itaque,
425 1352 515 1416 antiqui
526 1348 639 1413 disciplini
649 1348 725 1403 habiti,

63 1422 151 1488 [neque
158 1423 278 1490 fecerunt]
307 1425 354 1471 Ser.
366 1422 453 1485 quidem
463 1420 541 1471 Galba,
555 1417 604 1463 siin
617 1413 644 1461 L.
656 1413 727 1460 Paulo

61 1491 189 1538 accusando
196 1491 321 1537 tirocinium
329 1504 418 1550 ponere,
428 1494 451 1534 et
458 1487 615 1532 documentum
622 1480 728 1554 eloquen-

23 1565 28 1574 ’
61 1556 103 1602 tiae
110 1556 162 1602 dare
168 1556 245 1608 voluit,
253 1570 298 1601 nou
307 1554 442 1615 triumphurn
451 1549 556 1612 impedire
562 1546 642 1597 debuit,
653 1557 726 1604 quem,

62 1620 83 1666 si
99 1621 155 1666 nibil
170 1621 236 1674 aliud,
252 1627 342 1666 senatus
351 1620 437 1681 justum
455 1630 504 1662 esse
517 1613 670 1676 judicaverat:
690 1607 730 1654 sed

62 1692 156 1746 postero
170 1685 212 1738 die,
226 1699 292 1745 quam
304 1684 463 1744 triumphatum
478 1677 530 1742 [est.
544 1677 654 1740 primurm
665 1669 728 1736 curn]

61 1749 153 1796 visurus
161 1757 226 1803 esset,
239 1763 320 1794 nomen
329 1747 430 1799 deferret,
443 1753 466 1792 et
475 1743 562 1806 legrbus
569 1741 729 1800 interrogarem

63 1822 103 1860 aut
115 1815 185 1860 serius
195 1814 268 1875 paulo,
280 1817 331 1858 c‘unr
341 1812 437 1872 primum
448 1807 591 1870 magistratus
601 1805 649 1865 ipse
659 1801 731 1864 cepls·

66 1886 108 1933 set,
118 1879 176 1924 diem
186 1878 274 1931 diceret,
284 1876 397 1921 inimicum
406 1874 434 1920 ad
441 1873 547 1934 populum
556 1874 674 1916 accusaret.
695 1863 731 1912 Ita

65 1951 90 1992 et
100 1944 196 2006 pretium
211 1949 271 1988 recte
285 1940 337 2003 lacti
352 1939 488 1998 triumphum
503 1937 592 1982 baberet
605 1931 634 1979 L.
646 1931 730 1978 Paulus
787 1933 791 1942 ’

65 2025 108 2072 pro
125 2007 217 2070 egregie
232 2007 290 2053 bello
301 2011 381 2066 gesto5
397 2009 421 2048 et
431 2015 527 2063 poenam,
541 1998 732 2058 siquidetvetere

65 2071 139 2137 gioria
151 2071 225 2119 sudet
234 2068 294 2117 novi
303 2069 419 2129 indignum
427 2065 527 2130 iecisset.
562 2062 606 2108 Sed
621 2059 730 2114 videlicet,

66 2141 104 2186 oui
119 2139 203 2184 crimen
220 2136 312 2187 nullum,
330 2131 415 2178 nullum
430 2130 534 2190 probrum
550 2126 623 2171 dicere
636 2129 731 2186 poterat,

66 2188 733 2316 rm

67 2349 113 2387 raa,
125 2337 234 2393 quantum
245 2333 357 2390 supererat
367 2324 417 2376 diei,
429 2319 523 2368 dicendo
534 2317 646 2364 absumsit.
675 2313 734 2371 Quia

68 2411 168 2458 unquam
177 2403 222 2441 tam
231 2407 315 2440 nocens
321 2388 425 2440 reusiuit,
436 2387 498 2448 cujus
510 2383 562 2428 vitia
573 2381 626 2427 vitre
633 2386 667 2425 tot
674 2377 736 2424 horis

67 2461 171 2578 {liii
179 2439 734 2577 tttt'tffliiiiiiiiilidbtilii

66 2592 148 2651 aliquis
158 2588 277 2636 conciones
284 2597 401 2646 parumper
408 2579 486 2627 iaciat:
502 2591 569 2623 unam
578 2573 672 2621 militurn
681 2571 734 2618 Ma-

67 2654 240 2708 cedonicorum
256 2664 334 2712 puram
345 2648 450 2697 alteram,⁴
459 2641 585 2705 integrioris
595 2638 673 2702 judicil
687 2643 710 2682 et
722 2649 737 2682 a

65 2721 148 2770 fauore
162 2724 185 2766 et
201 2715 259 2770 odio,
277 2715 381 2761 universo
393 2710 508 2775 judicante
522 2705 605 2771 populo·
619 2700 733 2769 Romam
