1792 2950
197 127 327 180 muvn
342 130 395 180 Lu·
408 129 488 180 XLV.
508 130 567 182 (lua.
583 137 620 180 12
693 136 741 182 ⁸15

166 259 485 330 teranimadverssamsjore,
502 275 553 307 cum
568 260 742 308 asmusuminoa·
826 305 830 317 ,

148 349 161 376 ,·
174 321 255 383 quique
265 335 318 370 cum
327 339 354 370 eo
365 331 433 378 eraut,
452 331 596 386 aeceperunt:
616 340 680 371 soror
693 325 743 386 plu·

80 387 162 434 timum
170 387 261 450 odjuut,
273 401 318 432 non
327 387 418 434 consilio
426 387 500 441 modo,
513 388 739 450 sedetiamprwbus.

80 450 167 512 Itaque,
185 451 476 508 consentientibuscnnctis
491 468 544 513 pace
559 449 625 505 facti,
642 453 742 498 Alexan-

79 515 155 562 dream
170 516 279 576 recipitur,
291 513 325 562 ‘ne
339 515 480 562 multitudiue
493 516 581 577 quidem
596 517 740 573 adversmte3

79 595 130 640 qum
144 581 169 625 in
183 579 248 633 bello,
266 594 311 624 uon
327 595 365 640 per
378 580 516 626 obsidionem
530 581 604 633 modo,
622 581 660 626 sed
675 581 741 626 etiam

77 651 197 706 postquam
215 638 229 690 s
244 645 354 691 moenibus
372 645 499 690 abscessum
516 651 557 694 est.
575 644 637 708 (quia
649 644 702 691 nihil
712 658 742 690 ex

77 707 184 770 AEgypto
199 705 369 768 subvehebatur)
387 709 486 754 omnium
500 724 574 754 rerum
585 716 697 754 attenuata
706 708 742 754 in-

77 769 130 832 opiis
147 779 203 818 erat.
238 771 284 818 His
300 787 352 818 cum
369 773 439 819 laetari
455 772 592 820 Antiochum
607 773 741 819 conueniens
760 810 763 816 .

76 843 144 889 esset,
163 835 376 898 sireduoentliejus
391 834 458 882 causti
474 839 595 884 exercitum
612 835 740 898 AEgyptum

75 899 208 953 insiluisset,
227 901 289 962 (quo⁴
301 901 400 962 specioso
419 902 484 948 titulo
501 902 529 948 ad
544 916 622 948 omnes
637 902 700 947 Asiae
717 907 741 946 et

77 963 179 1012 Graeeiae
195 965 302 1018 civitates,
312 965 466 1026 ¹legationibus
482 966 610 1026 recipiendis
627 965 741 1025 literisque
810 981 812 987 ’

76 1027 223 1082 dinuttendis,
239 1044 293 1074 usus
310 1025 368 1088 erat)
384 1029 439 1074 adeo
456 1036 491 1074 est
505 1027 609 1082 offensus,
627 1037 652 1074 ut
668 1029 739 1075 multo

74 1093 150 1140 acrius
160 1091 308 1152 infestiusque
323 1091 428 1139 aduersus
442 1092 506 1145 duos,
523 1107 589 1152 quam
600 1099 651 1138 ante
661 1094 740 1140 adver-

74 1172 116 1204 sus
131 1171 209 1210 uuum,
226 1163 313 1218 pararet
322 1157 412 1203 bellum.
448 1153 550 1217 Cyprum
560 1157 671 1217 extemplo
682 1157 739 1202 clas·

74 1237 124 1270 sem
135 1221 209 1268 misit:
228 1223 281 1282 ipse,
295 1221 367 1282 primo
377 1235 430 1266 vere
441 1234 492 1266 cum
503 1219 601 1266 exercitu
611 1219 738 1280 AEgyptum

73 1292 166 1348 petens»
178 1285 203 1330 in
221 1283 301 1333 Coeleu
320 1285 407 1345 Syriam
422 1285 536 1346 processit.
571 1281 638 1331 Circa
651 1282 739 1328 Rhino-

74 1349 154 1396 colura
168 1345 287 1398 Ptolemaei
300 1349 381 1410 legatis
395 1349 511 1411 egentibus
525 1347 614 1410 gratias,
632 1346 691 1407 quod
700 1362 740 1408 peu

73 1429 127 1461 eum
147 1427 242 1474 reguum
261 1413 356 1477 patrium
375 1413 500 1476 recepisset,
519 1412 694 1476 petentibusque,
715 1417 740 1456 ut

73 1494 149 1525 suum,
161 1494 244 1525 munus
261 1485 368 1533 tueretur,
385 1486 408 1525 et
424 1478 507 1525 diceret
524 1478 607 1539 potius,
624 1474 676 1537 quid
691 1474 739 1521 fleri

72 1542 152 1596 veltet,
168 1556 243 1603 quam,
260 1542 330 1589 hostis
345 1558 375 1591 ex
388 1543 449 1589 socio
463 1542 541 1595 sactus,
558 1542 582 1588 vi
595 1548 663 1601 atque
672 1540 739 1586 armis

72 1613 163 1669 spuet.
178 1607 297 1668 respondit,
316 1614 332 1636 ‘⁶
343 1606 398 1656 Nou
412 1606 476 1654 aliter
488 1621 560 1667 neque
570 1606 663 1653 classem
674 1619 739 1651 ravo·

71 1679 184 1725 catarum,
202 1686 273 1735 neque
291 1672 412 1719 exercitum
432 1671 580 1724 reducturum,
598 1670 640 1715 nisi
657 1669 697 1715 sabi
715 1675 739 1715 et

70 1732 121 1783 tots
133 1732 218 1797 Cypro,
230 1742 253 1781 et
260 1732 358 1789 Pelusio,
370 1750 470 1797 agroque
478 1736 517 1797 qui
527 1735 585 1782 circa
596 1734 736 1781 Pelusiacum

70 1799 157 1849 ostium
168 1798 217 1848 tuli
226 1807 292 1863 esset,
310 1798 430 1847 eederet:”
446 1800 549 1861 diemque
558 1800 684 1862 praestitaut,
701 1798 737 1844 in-

69 1870 107 1915 ua
121 1878 193 1923 quun,
204 1860 236 1911 d'e
248 1862 410 1911 conditionibus
424 1865 663 1929 peractisrespousum
679 1862 737 1911 aad·

69 1943 166 2038 pexu
187 1990 308 2053 Postquam
327 1988 373 2038 (lies
392 1991 442 2039 data
454 1993 547 2039 induciis
561 1993 674 2054 praeteriit,
692 1991 732 2019 ⁸⁰

69 2056 296 2119 navigantibusostio
307 2054 355 2103 Nili
365 2056 393 2102 ad
402 2056 523 2109 Pelusium,
535 2072 574 2117 per
583 2058 668 2103 desento
676 2053 735 2099 Ara·

68 2121 115 2167 biae
127 2122 158 2151 ’ὓ
170 2118 329 2182 adMempbim
337 2120 468 2173 incolebant,
478 2127 500 2167 et
510 2121 538 2167 ab
549 2122 634 2166 caeterIs
644 2117 735 2178 AEgyp-

68 2184 115 2238 tiis,
128 2184 208 2247 partim
222 2185 344 2238 voluntate,
354 2184 432 2245 purtim
447 2190 516 2238 metu,
528 2183 558 2241 ad,
571 2182 734 2229 Alexandream

68 2248 165 2299 modius
175 2249 288 2296 itineribus
300 2248 418 2297 deseendit.
453 2247 492 2294 Ad
502 2243 648 2309 [Leusiuem]
659 2252 735 2291 trans·
776 2261 780 2267 ·

67 2328 151 2375 gresso
158 2308 249 2367 flumen,
259 2314 296 2374 qui
304 2313 366 2359 locus
376 2318 471 2373 quatuor
481 2309 547 2358 millis
556 2312 583 2357 ab
592 2308 735 2357 Atuandret

68 2378 140 2430 abest.
157 2377 225 2439 legati
242 2376 340 2425 Romani
355 2383 511 2425 occurreruutz
530 2389 652 2435 quoscum
667 2374 734 2420 adve-

67 2441 158 2489 nientes
177 2439 303 2496 saiutisset,
319 2441 462 2501 dextramque
481 2438 576 2500 Popillio
593 2437 731 2499 porrigeret3

67 2504 162 2553 tabellas
179 2506 199 2553 ci
212 2502 321 2567 Popillius
336 2505 440 2565 scriptum
456 2503 562 2551 habentes
576 2502 649 2555 tradit,
665 2510 732 2563 atque

67 2570 171 2617 omnium
186 2569 284 2631 ,primum
301 2568 326 2619 id
343 2570 417 2631 legere
431 2566 509 2631 jubet:
527 2567 605 2627 quibus
621 2566 730 2629 perlectis,

64 2648 120 2685 maa
131 2634 362 2688 seeonsideratutum,
371 2631 480 2683 ,ethium
490 2631 574 2689 amicit,
585 2631 638 2692 quid
647 2630 730 2679 tacien-
