1792 2950
168 149 199 192 n
296 100 700 190 mmmmmm

169 285 261 334 usquam
269 272 344 320 hostes
354 270 463 320 venirent,
475 266 514 328 qui
518 268 566 328 jam
578 265 670 327 segru'us
676 265 839 326 soemdiuaqrra

168 337 332 400 oppugnabant,
349 335 377 380 ad
391 339 487 393 quatuor
500 339 576 392 portas
588 331 712 376 exacimm
722 331 837 382 instruxit,

169 409 202 456 ut,
215 402 280 462 signo
290 400 350 451 dato,
363 398 429 444 simul
438 411 469 444 ex
478 396 581 442 omnibus
590 395 688 455 partilnrs
697 396 838 455 emptionem

168 467 273 512 facerem.
314 461 417 516 Quatuor
435 459 615 507 extraordinariis
633 461 764 509 cohortibus
787 460 839 506 dun
883 469 885 473 '

170 528 276 590 adjunxit,
288 527 407 588 praeposito
418 525 456 571 M.
465 524 557 571 valerio
566 525 652 585 legato:
670 538 792 584 erumpere
801 538 839 570 ex·
871 559 880 582 s

169 589 312 640 traordiuarit
326 589 391 652 portis
401 591 477 651 jussit.
512 588 551 635 Ad
564 589 678 634 dexteram
693 589 839 648 principales

170 659 269 703 hastatos
279 656 374 717 legionis
383 655 463 715 primae
473 654 592 709 instruxit3
605 652 717 713 principes
724 667 754 698 ex
762 650 840 698 eides

169 721 259 783 legione
269 721 293 766 in
303 720 406 768 subsidia
415 718 503 779 posuitz
522 717 559 763 Μ.
570 716 678 763 Servilius
688 724 713 762 et
718 709 753 762 'L
767 716 840 777 Sulpi-

171 786 225 838 cius,
238 785 319 831 tribuni
329 785 432 832 militum,
444 783 480 828 his
490 781 610 843 praepoaiti.
640 780 721 828 Tertia
730 781 794 843 legio
804 781 840 828 od-

171 864 250 899 rersus
259 849 401 910 principalem
413 847 525 893 sinistram
535 853 622 906 portam
631 846 742 892 instructa
752 853 803 892 est:
819 845 840 890 id

171 920 258 963 tantum
270 919 380 959 mutatum
387 928 395 968 ς
411 911 521 972 principes
530 910 602 971 primi,
618 917 642 955 et
655 910 738 956 hastati
751 910 779 954 in
792 911 839 957 sub·

173 978 233 1028 sidiis
243 977 321 1022 locati:
340 977 392 1024 Sex·
402 975 478 1023 Julius
489 973 567 1022 Caesar
577 981 601 1020 et
608 972 637 1019 L.
647 973 755 1021 Aurelius
765 972 838 1027 Cotta

173 1042 254 1088 tribuni
265 1041 367 1093 militum,
379 1040 431 1086 huic
441 1039 524 1101 legioni
535 1039 647 1100 praepositi
655 1045 716 1084 sunt.
744 1037 781 1092 Q,
789 1038 840 1085 Ful-

173 1106 224 1153 vius
239 1105 334 1152 Flaccus
348 1105 435 1166 legatus
450 1119 502 1149 cum
515 1101 607 1150 dexteri
616 1100 651 1151 ali
660 1103 689 1149 ad
699 1105 840 1163 queston'm

174 1177 260 1232 portam
276 1171 374 1230 positus:
396 1169 447 1216 duae
463 1168 567 1215 cobortes
581 1175 605 1214 et
618 1167 687 1212 triarii
701 1168 799 1214 duarum
811 1168 841 1213 le·

173 1236 267 1297 gionum
278 1234 301 1280 in
312 1233 415 1294 presidio
426 1239 549 1278 castrorum
559 1247 649 1279 manere
654 1233 721 1294 jussi.
756 1231 842 1278 Omnes

174 1307 251 1362 portas
266 1296 459 1345 concionabundus
473 1297 521 1357 ipse
533 1297 652 1358 imperator
666 1297 794 1353 circumiit3
813 1305 840 1349 et,

175 1365 349 1426 quibuscumque
359 1361 502 1408 irritamentis
512 1368 607 1421 poterat,
618 1361 662 1407 iras
671 1360 771 1406 militum
778 1376 841 1408 anre-

173 1431 224 1488 bst;
239 1443 299 1476 nunc
306 1427 406 1474 fraudem
414 1425 633 1480 hostiumliucusans,
645 1425 691 1485 qui,
702 1441 759 1487 pace
767 1423 839 1487 protili,

175 1496 269 1541 induciis
280 1495 343 1546 datis,
359 1508 398 1555 per
412 1493 486 1553 ipsum
501 1490 637 1539 induciarum
650 1497 748 1551 tempus,
766 1498 841 1537 contra

171 1560 210 1620 jus
220 1559 322 1619 gentium
335 1556 362 1603 sd
376 1565 448 1603 castra
463 1556 611 1617 oppugnanda
624 1555 753 1601 venissent:
775 1570 838 1607 nunc,

177 1630 272 1682 quantus
279 1621 350 1682 pudor
358 1627 424 1674 esset,
434 1620 536 1673 edacem,
545 1621 572 1665 ab
580 1617 708 1680 Liguribus,
720 1620 841 1665 latronibus

176 1686 251 1733 verius
262 1700 328 1743 quam
339 1684 438 1731 hostibus
444 1685 519 1746 justis,
531 1683 660 1730 Romanum
671 1684 798 1730 exercitum
805 1685 842 1730 ob-

176 1748 249 1795 sideri.
285 1754 301 1777 “
311 1747 365 1801 Quo
375 1763 414 1794 cre
424 1750 540 1808 quisquam
550 1748 657 1800 vestrdm,
673 1748 692 1793 si
706 1749 761 1794 hinc
772 1749 843 1795 alieno

176 1811 286 1873 praesidio,
299 1826 344 1857 non
355 1810 430 1857 vestri
439 1814 529 1865 vinute,
541 1812 660 1866 evaseritis,
672 1820 786 1866 occurret,
800 1828 843 1859 uon

178 1876 227 1921 dico
243 1875 281 1925 eis,
291 1876 405 1929 militibus,
421 1878 459 1936 qui
474 1876 631 1930 Hannibalem,
651 1876 689 1936 qui
707 1876 842 1938 Philippum,

178 1940 216 2001 qni
227 1938 371 1993 Antiochum,
387 1941 498 1991 maximos
511 1949 595 1989 nostras
606 1942 679 1987 aetatis
690 1956 758 2003 reges
768 1943 842 1988 duoet-

178 2020 228 2066 que,
244 2004 359 2061 vicerunt3
377 2005 416 2051 sed
426 2006 461 2059 iis,
476 2007 514 2067 qui
527 2007 569 2053 hos
580 2007 640 2067 ipsos
651 2005 751 2067 Ligures
761 2007 844 2066 aliquo-

178 2070 227 2123 ties,
243 2084 349 2130 pecorum
363 2070 430 2115 modo
443 2068 564 2131 firgientes,
578 2086 617 2131 per
627 2070 700 2117 saltus
707 2071 783 2117 invios
793 2086 844 2117 oon-

179 2134 256 2184 sectati
266 2134 409 2184 cecidemut?
438 2134 507 2188 Quod
517 2134 622 2195 Hispani,
636 2134 695 2195 quod
707 2135 777 2188 Galli,
789 2135 844 2196 quod

179 2199 324 2253 Macedones,
342 2199 492 2246 Poenivenon
508 2200 610 2252 audeant,
627 2198 763 2261 Ligiutiuua
776 2200 845 2247 bostis

180 2264 262 2311 vallum
273 2263 403 2311 Romulum
416 2264 480 2316 subit,
497 2264 582 2310 obsidet
596 2265 662 2318 rdtro,
679 2271 703 2311 et
716 2264 843 2326 oppugnat!

180 2342 254 2387 quem,
270 2335 394 2383 scrutantes
407 2336 473 2375 antea
487 2328 564 2375 devios
579 2329 655 2381 saltus,
671 2329 772 2375 abditum
781 2336 805 2375 et
815 2330 845 2377 lr-

180 2396 265 2437 tentem
275 2392 315 2437 vix
324 2391 516 2443 inveniebamus.”
541 2393 581 2439 Ad
590 2394 639 2439 baso
647 2394 791 2440 consemieas
798 2394 843 2439 red-

183 2452 273 2497 debatur
290 2456 386 2503 militum
405 2457 496 2509 clamor,
518 2462 533 2485 “
544 2457 628 2503 nullam
644 2457 741 2503 militum
760 2458 844 2520 culpem

183 2518 845 2637 mmmm

183 2635 235 2689 fini,
247 2645 270 2683 nt
280 2638 396 2691 Romanos
406 2654 429 2693 et
439 2647 537 2708 Ligures
546 2615 623 2695 ἕπεθ’
657 2616 664 2640 ν
676 2600 692 2648 q
