1792 2950
176 171 224 215 saa
276 159 305 212 it
320 159 405 211 L1v11
423 159 475 208 Lu„
490 156 582 206 XLIV.
602 156 660 207 cii.
674 162 717 205 ss.

177 304 225 343 cst:
239 284 283 340 'md
294 292 398 343 Romani,
410 282 456 335 iioii
464 290 492 335 ab
499 290 533 335 his
541 295 627 335 tantuin
636 300 688 334 cuni
697 287 782 349 quibus
789 300 841 333 con·

176 366 272 407 tinctum
281 363 392 403 certamen
403 361 458 405 erat,
471 353 510 398 sed
522 352 592 398 multo
604 352 677 414 magis
688 352 717 398 ab
727 350 757 398 ed
767 352 842 399 multi-

176 425 252 471 tudine
261 435 312 482 quae
324 418 430 480 disposita
442 418 467 463 in
481 418 577 463 turribus
588 418 675 469 stabat,
684 416 749 461 orani
759 430 843 478 genera

175 486 291 533 missilium
301 482 403 535 telomm,
417 496 443 527 ac
461 481 519 526 saxis
534 480 637 533 maxime,
655 480 839 527 vulnerabantur.

175 551 221 598 Uln'
228 548 319 611 propius
326 547 395 608 ripam
404 545 500 591 bostium
509 546 625 596 subissent,
638 544 760 590 tormentis
774 544 842 589 missa

175 615 241 661 etiam
250 612 280 664 ad
297 611 388 657 ultimos
403 609 566 671 perveniebant.
601 608 679 654 Multo
695 608 798 669 pluribus
813 622 842 653 eo

171 679 211 724 *die
218 677 311 729 arnissis,
323 674 402 721 c'onsul
410 674 476 735 paulo
488 672 557 718 serius
570 672 652 733 recepit
663 686 725 718 suos.
762 670 841 718 Tertio

175 742 210 788 die
226 741 306 802 proelio
322 738 432 789 abstinuit,
451 737 568 797 degressus
578 736 605 781 ad
616 736 683 782 imam
692 742 781 797 partem
793 750 841 781 ms-

175 806 268 858 trorum,
284 803 353 849 veluti
365 817 405 863 per
415 802 525 846 devexum
535 801 559 845 iii
569 814 630 846 mare
639 800 757 847 brachium
768 807 841 847 tmus-

175 872 231 916 itnm
239 874 370 915 tentaturus·
398 863 502 917 Perseus,
511 864 571 925 quod
579 864 601 909 in
613 864 683 911 oculis
691 857 748 917 erat,
778 926 788 991 [

279 941 289 962 ,Ι
358 957 360 960 ¹
791 930 805 957 ,
817 929 839 973 id

173 1004 259 1044 tantum
266 994 374 1056 cogitans,
384 992 412 1037 ad
420 992 570 1054 repellendum
579 990 605 1037 el
615 997 678 1051 parte
688 992 780 1038 honerii
792 1008 839 1039 oin·

174 1076 226 1107 nem
238 1074 313 1105 cairam
323 1057 457 1109 intendebat,
470 1057 524 1102 nihil
534 1056 593 1101 aliud
602 1055 715 1102 sollicitus.
744 1055 838 1103 Interim

175 1124 203 1171 P.
214 1123 305 1175 Nasica,
318 1136 369 1167 cuin
380 1120 484 1167 attributi
492 1121 531 1166 sibi
542 1134 616 1172 manu,
625 1134 705 1166 versus
715 1134 781 1167 mare
789 1120 838 1166 He-

174 1189 271 1235 racleum
281 1185 400 1248 profectus,
411 1193 529 1246 postquam
539 1198 567 1230 eo
576 1184 685 1245 pervenit,
700 1186 774 1245 jusus
791 1200 839 1231 mr.

168 1268 231 1316 pora
238 1266 314 1298 curare
324 1249 436 1301 militibus,
445 1256 534 1294 noctem
545 1248 689 1309 exspectarit.
716 1246 780 1294 Turn
788 1264 839 1295 vera

176 1317 274 1364 consulis
284 1314 387 1361 mandata
394 1312 510 1374 praecipuis
520 1312 601 1358 ducum
612 1312 731 1372 exposuit;
750 1327 784 1365 ee,
795 1314 840 1374 pii-

175 1383 218 1428 mis
227 1396 251 1427 se
258 1378 421 1426 intendentibus
427 1376 529 1429 tenebris,
538 1374 598 1421 flexo
607 1375 633 1421 ad
642 1383 744 1422 montem
753 1376 836 1429 itinere,

174 1446 208 1492 ad-
215 1445 329 1507 Pytliium,
341 1448 366 1489 ut
376 1442 507 1502 imperatum
518 1447 572 1494 erat,
584 1440 658 1502 copias
669 1440 760 1488 silentio
771 1440 835 1488 ducit·

170 1510 224 1557 ¹Ubi
234 1516 326 1555 ventum
337 1507 365 1553 ad
375 1521 487 1552 summum
502 1519 607 1552 cacumen
623 1511 665 1558 est,
685 1506 748 1566 quod
764 1506 838 1553 decen

175 1575 269 1634 amplius
284 1572 353 1618 stadia
367 1571 391 1616 in
407 1570 544 1617 altitudinem
559 1569 664 1630 assurgit,
681 1568 785 1632 saliginis¹
797 1570 838 1616 iiii·

174 1639 249 1684 litibus
258 1636 339 1696 alimtid
350 1635 454 1695 requietis
466 1634 549 1679 datum.
576 1632 631 1678 Hoc
642 1635 736 1694 jugum,
754 1641 780 1680 nt
789 1643 838 1681 aute

167 1703 258 1748 'dietum
266 1706 307 1752 est,
317 1699 383 1751 Milo,
391 1697 540 1751 etHistiaeus,
550 1695 723 1758 etTheogenes,
733 1713 748 1744 a
756 1697 837 1745 Perseo

172 1764 243 1816 missi,
255 1778 305 1809 cum
317 1762 416 1821 quinque
425 1762 521 1808 millibus
532 1761 683 1808 Macedonum
695 1762 834 1810 obtinebant:

174 1828 213 1875 sed
224 1833 286 1872 tanta
295 1825 433 1886 negligentia
440 1826 508 1886 regiis
516 1826 607 1872 ducibus
617 1833 671 1878 erat,
684 1833 711 1871 ut
721 1841 791 1873 nenio
800 1827 838 1873 ad-

174 1899 266 1939 ventare
280 1889 398 1935 Romanos
414 1890 515 1935 senserit.
551 1890 640 1951 sopitos
655 1905 779 1952 eggressus
790 1891 838 1938 Νι-

173 1957 218 2002 sica
228 1955 320 2015 dejugo
330 1951 395 1999 acite
405 1952 491 2014 dejecit,
504 1953 624 2015 siPolybio
634 1953 703 2000 tides:
719 1955 770 2016 ipoe
779 1958 837 2002 eiiin

172 2018 262 2071 Nasica,
280 2019 303 2062 iii
319 2014 412 2078 epistoli
424 2017 453 2062 ad
466 2018 584 2077 quemdam
595 2033 680 2080 reguin,
694 2019 765 2082 longe
775 2020 837 2066 aliter

172 2101 220 2132 rem
229 2089 310 2129 narrat.
330 2088 346 2110 ⁴⁴
355 2081 461 2127 Montem
471 2082 541 2128 arduo
548 2083 655 2128 adscensu
665 2081 744 2135 luisse,
757 2084 838 2130 scilin-

172 2148 314 2198 custoditinn,
327 2146 359 2192 ita
370 2153 396 2191 ut
406 2146 487 2192 saltum
496 2160 603 2208 occupem
614 2147 675 2192 nullo
690 2149 786 2209 negotio
798 2163 839 2210 po·

171 2214 257 2266 auisset,
275 2210 318 2256 nisi
331 2209 447 2272 transfuga
459 2207 573 2258 Cretensis
589 2225 619 2256 eir
634 2211 669 2263 iis,
688 2225 746 2271 quos
764 2227 837 2258 secum

171 2279 272 2329 ducebat,
280 2275 308 2322 ad
316 2273 399 2321 Persea
404 2275 544 2328 cucurrisset,
554 2289 649 2336 eumque
655 2275 778 2330 docuisset,
787 2277 839 2338 qnid

173 2348 283 2404 agerensi.
317 2339 406 2400 Regem
416 2339 489 2400 ipsum
500 2339 588 2399 quidem
599 2339 708 2386 mansisse
718 2339 742 2384 iii
751 2341 836 2394 mauis,

173 2407 213 2452 sed
222 2404 309 2451 misisse
318 2403 364 2449 iluo
374 2403 533 2456 Macedonum,
545 2403 621 2450 deceni
635 2403 777 2450 auxiliarium
788 2405 838 2450 mil-

163 2462 208 2521 slia,
220 2468 309 2514 Milone
319 2467 382 2521 duce,
393 2468 422 2513 ad
435 2468 587 2530 occupandum
604 2467 693 2514 saltum.
730 2465 793 2515 Citra
803 2469 837 2514 ΕΙ

171 2530 278 2577 acerrimi
287 2530 364 2592 pugna
374 2531 397 2576 in
406 2546 497 2578 summo
502 2533 560 2594 jugo
573 2545 707 2578 concursum
720 2545 786 2589 esse3
802 2541 835 2578 at·

171 2606 222 2650 que,
233 2595 291 2640 inter
302 2595 350 2647 alia,
367 2610 416 2641 sesa
429 2611 443 2641 a
455 2595 544 2641 Thrace
554 2595 623 2642 milite
633 2593 693 2641 ferio
704 2597 832 2657 apiietitm,

169 2669 234 2711 ‘1¹¹²m
243 2655 297 2717 lpse,
309 2657 386 2707 adacti
393 2675 433 2721 per
443 2667 521 2720 pectus
529 2657 598 2716 hasti,
611 2657 754 2708 translixeii't.
779 2657 833 2704 Via-
