1792 2950
189 152 218 200 Τ.
231 149 320 200 LIVII
335 148 458 200 mxl„
478 153 539 202 Car.
553 147 593 200 40'.
692 162 724 205 99

55 282 225 345 impressionem
242 283 357 332 feserunt:
377 299 424 344 quo
441 290 529 331 tantum
548 283 624 330 valent
642 297 725 346 genete

55 362 145 409 pugnae,
163 354 197 400 ut,
214 346 355 408 qtsimunque
369 356 432 409 parte
445 345 560 410 peraudire
575 349 661 410 impetu
675 363 723 402 suo,

55 412 159 458 mannen
175 419 295 472 nequeant.
329 412 396 458 Tune
412 428 501 473 quoque
514 413 608 458 turbatae
623 413 725 474 legiones

55 483 344 602 &ww
351 476 539 600 εζῗῗωὲιὲἲῃῗ
554 477 725 602 titii?

54 606 154 666 equitent
174 613 205 658 et,
224 613 239 634 ‘⁴
251 605 341 664 quuid
359 605 434 650 araxilii
451 606 475 650 in
491 605 554 651 vobis
571 605 622 650 est?
639 607 724 652 Actum

51 672 98 732 Jam
112 670 144 716 de
157 671 203 715 hoo
216 670 316 716 exercitu
330 670 372 715 erit
379 668 409 712 ?”
427 667 487 716 Cum
499 669 595 728 undique
605 668 724 716 acclamas-

55 742 113 788 sent,
137 734 221 793 “quin
237 734 320 785 ederet,
336 733 390 793 qnid
407 731 455 778 fieri
474 733 545 779 velit?
562 747 607 778 non
627 735 725 796 segniter

54 798 174 859 imperium
193 805 339 843 exsecuturos
345 796 370 855 ;”
393 804 409 826 “
420 796 542 858 Duplieate
560 797 669 852 tunnas,''
689 799 724 843 in-

54 863 110 922 quit,
129 862 249 908 “duarum
260 862 375 922 legionum
385 863 479 922 equites,
491 869 514 908 et
524 862 645 922 permittite
655 875 724 923 equos

54 928 77 972 in
93 940 193 972 eunesm
212 927 317 978 hostium,
334 941 379 985 qao
396 934 486 972 nostros
503 933 591 988 urgent
626 924 654 972 Id
672 941 724 972 eum

54 992 140 1052 majore
150 992 174 1036 vi
184 1005 293 1051 equorum
303 989 396 1044 iacietis,
413 992 432 1036 si
441 989 561 1038 effrenatos
571 991 594 1036 in
605 1005 644 1036 eos
655 1006 724 1051 equos

54 1056 189 1101 immittitis:
209 1055 269 1115 quod
283 1069 343 1115 saepe
353 1054 470 1101 Romanos
485 1055 570 1115 equites
580 1069 632 1100 cum
642 1053 725 1117 magni

54 1120 118 1166 laude
135 1119 219 1165 seaiaae
237 1116 285 1171 aui,
301 1120 415 1165 memoriae
430 1119 542 1181 proditum
559 1118 620 1165 est.'’
653 1119 724 1166 Dicto

52 1193 184 1245 paruerunt,
201 1183 350 1242 detractisque
358 1182 427 1229 frenis
437 1184 471 1230 bis
481 1185 540 1229 uitro
551 1183 657 1244 citroque,
673 1199 724 1230 eum

53 1247 137 1310 magni
147 1248 337 1310 stragehoatium,
349 1247 448 1294 infractis
456 1247 557 1294 omnibus
563 1248 639 1300 hastis,
652 1255 725 1293 trans·

52 1321 178 1358 ensuerunt,
215 1312 332 1373 Dissipato
341 1327 421 1366 cuneo,
438 1313 462 1356 in
474 1327 518 1371 quo
529 1311 601 1356 omnis
617 1326 665 1370 spes
675 1310 725 1356 fue-

53 1385 94 1430 rat,
106 1376 217 1425 Cela'beri
227 1377 343 1437 trepidare,
351 1384 381 1429 et,
390 1391 461 1437 prope
469 1373 551 1421 omissi
558 1372 641 1436 pugni,
650 1375 724 1420 locum

52 1441 115 1504 tugae
125 1441 305 1502 circumspicere.
330 1441 363 1487 Et
373 1441 434 1487 alarii
442 1440 534 1501 equites,
547 1445 663 1501 postquam
675 1438 726 1485 Ro-

52 1522 171 1553 manorum
183 1506 284 1566 equitum
295 1513 340 1553 tam
351 1505 493 1551 memorabile
502 1504 588 1550 facinus
601 1500 684 1557 videre,
702 1511 726 1551 et

52 1571 102 1633 ipsi,
123 1572 211 1617 virtute
229 1586 306 1617 eorum
325 1570 419 1623 aucensi,
440 1570 488 1615 sine
507 1569 572 1615 ullius
591 1568 682 1629 imperio
700 1569 725 1614 in

52 1637 250 1697 pemarhsosjum
261 1636 337 1682 hostes
348 1650 417 1695 equos
427 1634 558 1679 immittunt.
592 1632 658 1679 Tunc
669 1648 723 1679 vero

54 1698 162 1747 Ceitsssed
177 1714 257 1746 omnes
268 1700 290 1744 in
300 1700 377 1760 fugam
391 1698 551 1756 effunduntu15
568 1704 591 1743 et
605 1697 724 1759 imperator

53 1763 180 1816 hunnus,
198 1778 289 1810 aversos
302 1766 378 1809 bootes
392 1763 561 1823 contemplatus,
579 1762 650 1809 aedem
666 1761 724 1809 For-

52 1834 116 1874 tunae
124 1828 244 1888 Equestri,
255 1828 352 1889 Jovique
362 1828 455 1889 Optimo
466 1826 569 1873 Maximo
579 1828 643 1873 ludos
651 1828 721 1873 vovit.

54 1890 183 1939 Caeduntur
198 1890 303 1939 Celtiberi
317 1908 357 1953 per
370 1900 443 1938 totum
455 1891 534 1937 saltum
546 1892 643 1952 dissipati
657 1889 719 1953 fugi.

53 1955 144 2002 Deoem
153 1962 179 2002 et
191 1963 275 2017 reptem
290 1958 357 2002 miilia
370 1957 468 2002 hostimn
480 1970 538 2002 caesa
548 1972 575 2003 eo
586 1956 622 2002 die
631 1957 724 2002 tradun-

53 2028 104 2067 turs
123 2020 171 2067 viri
186 2022 245 2081 eapti
259 2021 309 2082 pius
323 2028 417 2081 quatuor
431 2021 506 2074 miliia,
524 2021 624 2066 ducentia
635 2027 723 2081 septua-

53 2086 116 2145 ginta
127 2092 215 2146 septem
225 2086 277 2130 eum
288 2085 358 2146 signis
366 2086 503 2137 militaribus,
515 2084 578 2145 equis
585 2099 654 2146 prope
661 2083 723 2129 milla

54 2156 153 2195 eentum.
173 2148 251 2194 Nullis
260 2150 339 2194 castris
348 2165 376 2195 eo
385 2149 421 2195 die
430 2151 503 2195 vietor
512 2150 623 2195 exereitus
631 2146 720 2193 mansit.

55 2212 158 2259 Victoria
172 2227 219 2258 non
236 2212 376 2275 ainejaeturi
385 2215 481 2259 mssitum
493 2212 548 2258 fuit:
568 2211 723 2272 quadringenti

54 2278 199 2339 septuaginta
216 2277 261 2323 duo
279 2278 360 2322 milites
376 2277 481 2329 Romani,
499 2277 583 2321 socitirn
602 2290 628 2321 ac
647 2274 722 2320 Latini

56 2342 153 2387 nominis
169 2342 233 2387 mille
247 2342 323 2387 deoem
338 2348 361 2387 et
375 2352 464 2393 novem,
482 2354 533 2384 eum
548 2340 582 2385 his
599 2339 641 2383 tria
655 2338 722 2384 mssiia

55 2406 151 2453 miiitum
171 2406 343 2459 auxiliariorum,
360 2406 480 2467 perierunt.
516 2402 551 2449 Ita
569 2403 641 2448 vietor
659 2416 724 2449 exer·

55 2469 118 2522 dosa,
138 2467 246 2517 renovatt
263 2471 336 2531 priore
354 2468 433 2531 gioria,
450 2467 600 2514 Tarraconem
619 2472 654 2513 est
671 2482 722 2529 per-

55 2533 143 2581 ductus.
170 2534 280 2580 venienti
290 2533 373 2581 Fulvio
384 2533 420 2579 Τι.
432 2532 576 2593 Sempronius
583 2538 671 2593 prator,
684 2532 722 2592 qui

55 2597 120 2645 bidan
130 2606 186 2645 ante
198 2606 297 2652 venerat,
314 2599 402 2645 obviam
418 2597 538 2658 prooessit;
555 2597 723 2659 gratulatusque

55 2662 568 2725 &quodnmpsbiieamegregiegemimet
587 2660 721 2711 cimam
