1792 2950
176 161 205 213 τ.
219 133 307 210 alvu
319 159 376 234 ma
390 159 470 235 xau.
485 159 550 234 uer».
561 166 602 233 Διο.
673 167 720 235 sn

57 306 110 340 suae
119 290 208 347 ditionis
217 291 278 339 iacit.
311 291 397 338 Arabas
407 291 459 337 hinc
470 289 606 353 Indiamque,
624 287 667 351 qui
676 294 722 338 ter·

56 372 136 403 rarum
151 356 242 403 ultimus
252 355 303 401 linis
312 354 415 411 Rubrum
428 356 496 402 Mare
510 354 654 417 amplectitur,
672 370 722 415 per-

56 421 161 483 agravit:
175 427 223 467 tum
234 420 354 467 maximum
365 419 460 466 interris
469 418 619 466 Macedonum
628 433 722 480 regnum
791 438 795 448 ¹

57 500 202 546 nomenque;
213 485 265 531 inde
273 491 345 531 morte
355 484 477 534 Alexandri
486 484 613 531 distractum
622 484 644 528 in
653 484 723 529 multa

57 564 138 611 regna,
155 550 208 595 dum
219 549 247 595 ad
257 549 384 609 aequisque
398 564 452 610 opes
466 548 558 610 rapiunt,
578 545 722 611 [lacerantes]
764 594 769 603 ,

56 614 150 667 vinbus,
168 628 279 659 asummo
289 613 386 659 culmine
395 612 492 659 fortunae
502 613 530 659 ad
540 613 642 659 ultimum
655 610 722 658 linem

58 684 151 723 centum
163 676 322 739 quinquaginta
332 692 403 723 annos
413 677 481 723 stetit.

92 740 126 786 X.
145 740 254 787 Victoriae
272 740 384 787 Romanae
401 739 461 788 fama
479 756 529 788 cum
548 741 681 803 pervasisset
699 740 722 785 in

57 806 148 860 Asiam,
161 805 270 859 Antenor,
283 807 379 866 quicum
388 805 587 852 classelemborum
595 806 622 851 ad
634 803 723 851 Phanas
765 802 767 807 ’

57 870 138 922 stabat,
157 866 312 916 Cassandriam
322 870 374 916 iude
388 871 480 932 trajecit.
516 867 544 917 C.
558 869 673 931 Popillius,
685 868 723 929 qui

57 934 88 981 ad
104 932 190 979 Delum
204 933 306 995 praesidio
321 934 413 980 navibus
427 933 584 980 Macedoniam
598 934 723 995 petentibus

57 1005 115 1050 erat,
132 1005 249 1059 postquam
260 997 390 1045 debellatum
400 999 424 1043 in
435 996 576 1049 Macedonici,
594 1005 617 1043 et
629 998 725 1043 statione

58 1062 177 1109 submotos
195 1061 292 1108 bostium
310 1062 394 1108 lembos
413 1061 503 1113 audivit,
523 1061 618 1106 dimissis
636 1067 659 1106 et
677 1061 724 1121 ipse

59 1126 145 1172 Atticis
156 1126 254 1179 navibus,
265 1125 294 1172 ad
302 1134 425 1186 susceptam
433 1124 567 1185 legationem
576 1124 723 1184 peragendum

59 1190 167 1251 navigare
183 1189 310 1251 AEgyptrma
324 1190 411 1251 pergit3
428 1196 454 1234 ut
469 1187 529 1248 prius
545 1202 660 1233 occurrere
673 1187 724 1232 Au-

59 1255 136 1301 tiocbo
147 1260 229 1314 posset,
240 1269 306 1314 quam
317 1254 345 1299 ad
355 1252 503 1300 Alexandreae
512 1248 594 1297 moenia
602 1250 721 1296 accederet.

60 1316 122 1367 com
133 1319 346 1380 praeterveherentur
356 1318 435 1364 Asiam
449 1316 524 1377 legati,
542 1322 565 1361 et
576 1313 675 1374 Loryma
685 1329 725 1359 ve-

58 1384 154 1435 nissent,
171 1382 210 1442 qui
226 1390 303 1443 portus
318 1381 399 1443 viginti
417 1380 483 1441 paulo
500 1379 593 1445 amplius
612 1377 680 1423 millia
698 1378 724 1423 ab

59 1446 146 1494 Rhodo
156 1447 224 1500 abest,
242 1461 270 1493 ex
280 1446 375 1494 adverso
385 1445 432 1492 urbi
443 1444 484 1506 ipsi
499 1442 600 1506 positus;
616 1441 726 1504 principes

58 1511 203 1558 Rhodiorum
214 1517 333 1556 occurrunt
345 1511 404 1573 (jam
414 1509 474 1555 euim
485 1524 512 1554 eo
525 1522 613 1568 quoque
626 1506 726 1552 victoriae

57 1575 122 1622 sama
128 1575 212 1636 perlata
219 1572 279 1634 erat)
290 1582 385 1627 orantes,
398 1581 423 1619 ut
430 1573 538 1620 Rhodum
549 1572 722 1618 deueherenturz

60 1647 77 1670 ‘⁴
86 1639 198 1702 pertinere
207 1639 230 1684 id
240 1639 268 1686 ad
277 1638 360 1685 bmam
370 1639 508 1698 salutemque
519 1636 620 1688 civitatis,
634 1649 725 1680 noscere

59 1704 123 1766 ipsos
134 1703 215 1756 omnia,
227 1718 277 1764 quae
285 1710 335 1749 acts
342 1709 423 1755 essent,
435 1707 597 1763 agerenturque
607 1699 689 1751 Rhodi,
702 1703 726 1744 et

58 1768 223 1829 compertaper
230 1783 261 1820 se,
274 1782 319 1813 nou
329 1767 421 1828 vulgata
430 1764 496 1818 femi,
508 1765 606 1811 Romam
616 1759 724 1810 referre-'¹

59 1832 113 1879 Diu
131 1839 238 1893 negantes
256 1831 407 1892 perpulerunt,
429 1838 558 1876 utmorem
577 1826 725 1889 navigationis

57 1897 153 1942 brevean
163 1911 204 1957 pro
214 1896 284 1942 salute
295 1895 432 1954 soeisaurbis
441 1901 576 1956 paterentur.
603 1892 725 1952 Postquam

60 1959 171 2006 Rhodum
182 1967 274 2006 ventum
285 1966 326 2012 est,
337 1960 361 2004 in
372 1960 502 2005 concionem
512 1972 600 2018 quoque
610 1972 649 2003 eos
659 1956 725 2002 iidem

59 2024 165 2086 precibus
182 2029 343 2085 pertraxerunt.
383 2023 502 2069 Adventus
520 2022 644 2082 legatorum
663 2019 725 2065 auxit

92 2091 139 2134 tius
154 2088 256 2134 timorem
273 2087 363 2141 dvitati,
380 2101 446 2148 quam
463 2085 556 2132 minuit:
574 2083 649 2130 omnia
665 2082 725 2128 enim

59 2103 180 2213 iibpillius,
197 2167 248 2212 quae
262 2151 344 2214 singuli
358 2150 499 2210 universique
509 2164 536 2194 eo
546 2147 603 2193 bello
618 2145 726 2191 hostiliter

62 2216 173 2270 dixerant,
189 2214 337 2277 fecerantque,
354 2214 442 2260 retulit:
462 2218 492 2265 et,
508 2212 542 2258 vir
552 2225 616 2272 asper
626 2208 724 2270 ingenio,

62 2281 160 2341 augebat
178 2281 316 2327 atrocitatem
334 2293 418 2331 eorum,
442 2291 493 2337 quae
511 2275 641 2325 dicerentur,
662 2271 726 2318 vultu
819 2309 825 2316 .

63 2344 123 2390 truci
134 2351 157 2391 et
167 2341 303 2392 accusatorii
311 2357 381 2400 voce;
398 2347 430 2395 ut,
442 2355 494 2386 cum
504 2337 599 2400 proprlae
610 2333 726 2382 simultatio

62 2407 126 2454 nulla
135 2423 202 2455 esum
211 2423 262 2455 cum
273 2408 362 2455 civimte
371 2413 437 2460 esset
450 2418 479 2450 ex
486 2403 551 2450 unius
560 2399 666 2448 senatoris
676 2396 726 2444 Ro-

62 2472 125 2518 mani
139 2473 262 2527 acerbitate,
279 2472 349 2534 qualis
363 2471 386 2516 in
397 2485 422 2516 se
431 2467 529 2515 universi
540 2463 628 2512 senatis
638 2463 725 2522 animus

63 2542 132 2590 esset,
148 2537 304 2600 conjectarent.
340 2533 369 2583 C.
389 2533 487 2582 Decimii
505 2529 637 2578 moderatior
655 2526 726 2574 oratio

62 2597 114 2651 fuit,
131 2601 177 2660 qui,
194 2601 217 2647 iu
234 2601 345 2663 plerisque
358 2614 442 2653 eorum,
460 2606 512 2658 quoe'
526 2598 725 2642 commemoratae

64 2661 162 2724 Popillio
172 2672 253 2722 mene
262 2666 349 2731 culpem
360 2679 405 2715 non
413 2677 482 2728 penes
489 2661 601 2724 populum,
611 2657 725 2722 sedpeaes
786 2661 792 2674 ‘

95 2741 148 2774 vna
162 2741 184 2774 v.
271 2755 275 2762 ·
461 2730 502 2772 ει
560 2741 565 2748 ·
