1792 2950
207 179 236 227 n.
250 167 508 226 Liternum-nnn:
521 176 579 226 cn.
594 183 616 223 s.
646 188 650 193 .
694 183 741 227 sot
767 167 769 169 ’

75 308 194 360 mdncnri:
205 303 287 356 'socios
303 300 405 362 manee-I
415 308 471 354 dm
483 299 561 353 mu,
570 297 690 367 ..5531er
707 307 741 352 di-

77 375 145 428 mitti,
162 379 191 428 et,
209 388 261 420 cum
272 373 313 426 bis,
330 387 407 434 omnes
417 373 489 432 quiin
500 371 597 417 consulis
606 371 673 416 verba
678 371 741 430 jura-

76 445 169 488 versmt:
183 445 207 484 et
216 433 380 497 quod'militum
390 435 504 496 Corcyrae,
511 434 631 486 Brundisii,
641 435 668 480 ad
675 434 741 481 Mure

80 505 198 565 Superum,
217 502 255 548 out
271 502 294 546 in
310 517 364 563 agro
380 501 481 548 Larinati
497 508 562 559 esset,
581 499 693 562 (omnibus
707 499 742 544 his

77 569 134 616 locis
144 567 263 628 dispositus
274 567 383 612 exercitus
393 564 473 619 fuerat,
490 581 540 611 cum
551 579 602 624 qno,
615 564 634 609 si
645 579 680 609 res
690 578 741 624 pos-

79 639 152 686 ceret·
164 629 193 678 C.
208 628 309 677 Licinius
323 631 416 690 collegae
430 629 499 676 ferret
515 627 590 690 opem)
605 629 646 673 bos
664 643 741 673 omnes

79 697 162 744 milites
172 695 253 740 dimitti
263 694 352 757 placuit.
388 693 523 754 Supplicstio
533 702 573 754 p‘ro
584 693 690 738 concione
700 700 743 753 po·=
781 697 784 703 ’

79 761 127 825 puli
141 759 224 806 indicta
234 765 279 812 est,
288 773 316 804 ex
327 758 446 806 antediem
457 758 557 818 quintum
566 757 614 802 idus
625 756 740 810 Octobres,

77 841 171 872 cum-eo
183 824 225 876 die,
237 824 261 869 in
271 823 369 883 quinque
379 823 432 868 dies.
835 818 838 824 ¹

111 887 163 936 111.
182 887 221 934 Ex
232 886 323 948 Illyrico
334 887 378 932 duo
389 887 464 947 legati,
483 883 510 933 C.
522 884 622 931 Licinius
632 884 710 930 Nerva
720 891 742 930 et

77 953 108 1002 P.
120 951 215 1004 Decius,
228 949 364 1004 nuntidrunt,
376 951 498 996 exercitum
509 948 636 1009 Illyriomm
643 962 740 994 caesum

80 1018 192 1066 Gentium
203 1031 280 1077 regem
290 1023 386 1076 captum,
401 1014 423 1059 in
434 1015 517 1059 ditione
526 1014 602 1072 populi
612 1013 708 1058 Romani
719 1020 743 1058 et

78 1082 198 1144 Illyricum
209 1095 264 1126 esse.
293 1079 329 1126 Ob
339 1089 429 1130 ensues,
441 1084 516 1138 gestas
527 1077 594 1121 ductu
604 1077 743 1136 auspicioque

78 1147 111 1194 L.
122 1145 198 1192 Anicii
208 1144 317 1206 praetoris,
335 1149 424 1188 senatus
434 1142 458 1186 in
468 1140 565 1185 triduum
576 1139 743 1200 supplicationes

79 1211 187 1262 decrerit,
206 1207 243 1270 [ut
258 1205 357 1269 Imtinae]
373 1206 452 1252 edictae
466 1203 582 1250 sconsule
597 1203 681 1247 suntin
692 1212 744 1249 ante

79 1282 185 1338 quartum
196 1280 219 1319 et
229 1273 319 1318 tertium
330 1270 431 1332 etpridie
440 1269 496 1314 ¹idus
507 1266 652 1312 Novembres.
687 1266 745 1312 Tra-

80 1337 158 1388 didere
166 1337 261 1398 quidam,
270 1337 356 1398 legatos
367 1333 475 1386 Rhodios,
487 1333 586 1377 nondum
596 1330 682 1382 missos,
694 1338 745 1391 post

81 1404 200 1455 victorium
215 1400 345 1454 nuntiatam,
363 1399 423 1445 velut
437 1398 466 1444 ad
479 1396 596 1442 ludibrium
612 1394 697 1440 stolidae
708 1401 746 1440 su-

82 1468 173 1534 perbiae,
185 1467 213 1513 in'
220 1473 320 1513 senatum
328 1470 418 1510 vocatos
426 1478 488 1509 esse:
501 1462 531 1507 ibi
539 1459 678 1521 Agesipolim
685 1459 746 1520 prin-

83 1536 157 1596 cipem
172 1531 294 1578 eornmita
303 1530 417 1575 locutum:
438 1535 453 1557 ‘⁴
464 1527 550 1572 Missos
560 1540 609 1571 esse
619 1524 705 1585 legatos
719 1525 746 1569 ab

83 1598 182 1647 Rhodiis
195 1596 223 1641 sd
239 1607 316 1655 pacem
330 1594 388 1639 inter
402 1592 518 1638 Romanos
531 1597 554 1636 et
569 1588 651 1635 Perses
663 1588 746 1634 tacien-

83 1665 153 1719 dam3
163 1660 224 1721 quod
233 1660 346 1705 idbellum
356 1671 425 1717 grave
433 1663 498 1716 atque
505 1650 670 1701 incommodum
679 1653 746 1699 Grae-

83 1730 135 1777 eiae·
145 1726 213 1777 omni,
232 1730 369 1770 sumtuosum
384 1736 409 1767 sc
427 1721 556 1767 damnosum
570 1719 624 1779 ipsis
638 1716 747 1763 Romanis

82 1798 153 1841 esset.
172 1789 294 1837 Fortunam
305 1788 399 1849 perbene
409 1784 494 1837 fecisse,
506 1784 600 1845 quando,
611 1782 675 1828 linito
685 1782 748 1827 aliter
785 1790 787 1793 ’

82 1855 152 1909 b‘eilo,
172 1852 297 1916 gratulandi
316 1851 356 1897 sibi
374 1849 401 1895 de
419 1848 512 1896 victorii
529 1846 620 1911 egregii
638 1845 747 1893 Romanis

28 1976 33 1982 ι
84 1918 275 1985 opportunitatem
286 1913 412 1961 dedisset:”
431 1915 479 1960 baec
490 1915 516 1960 ab
524 1913 614 1959 Rhodio
624 1912 694 1958 diets:
712 1926 747 1955 re-

83 1998 194 2050 sponsum
213 1982 240 2029 ab
259 1988 335 2026 senatu
352 1994 407 2033 esse,
427 1986 442 2007 ‘⁸
453 1978 554 2023 Rhodios
570 1992 611 2023 nee
622 1976 747 2021 utilitatium

86 2048 195 2101 Graeciae,
207 2060 280 2105 neque
290 2041 343 2091 curd
350 2044 497 2104 impensanun
507 2042 582 2101 populi
592 2040 696 2096 Romani,
709 2038 748 2083 sed

84 2131 129 2179 pro
147 2111 237 2163 Perseo,
255 2109 388 2171 legationem
408 2122 457 2152 eam
475 2105 568 2151 misisse.
602 2103 669 2155 Num,
687 2102 706 2146 si
722 2115 749 2148 es
786 2110 788 2116 '

84 2181 167 2228 funium
178 2187 237 2228 curs,
254 2188 306 2233 quse
317 2171 462 2221 similaretur,
476 2176 525 2214 tum
535 2166 654 2213 nrittendos
663 2166 749 2224 legatos

84 2244 164 2295 fuisse,
182 2254 233 2286 oum
240 2236 347 2288 Perseus,
362 2235 385 2280 in
396 2232 534 2279 Thessaliam
544 2230 641 2277 exercitu
651 2228 749 2280 inducto,
802 2283 807 2289 Ι

85 2324 128 2375 per
137 2304 251 2353 biennium
263 2302 356 2349 Graecss
366 2300 438 2350 nrbes,
455 2296 509 2343 nlias
519 2291 701 2345 obsideret'alins
711 2290 750 2336 de-

86 2369 228 2421 nuntiatione
238 2379 349 2413 urmorum
361 2368 459 2410 terreret.
471 2378 474 2383 ⁸
484 2358 554 2404 Tum
562 2357 643 2402 mdlnm
653 2354 713 2414 pacis
723 2354 750 2399 sb

86 2434 185 2487 Rhodiis
195 2432 331 2479 mentionem
340 2427 428 2474 facmn.
452 2423 574 2482 Postquam
585 2426 698 2480 superatos
708 2417 751 2462 anl-

3 2518 4 2525 ’
86 2499 128 2551 tus'
141 2506 335 2558 transgressosque
350 2494 373 2538 in
388 2487 544 2538 Macedoniam
559 2485 675 2531 Romanos
689 2480 751 2530 sudi-

86 2573 146 2618 rent,
164 2569 188 2609 et
197 2560 307 2607 inclusum
318 2557 387 2605 teneri
399 2555 488 2607 Persea,
506 2559 560 2597 tunc
573 2547 675 2595 Rbodios
689 2545 750 2609 lega-

86 2625 283 2679 tionemmisisse,
301 2637 345 2671 non
361 2622 389 2669 ad
404 2616 622 2679 ullam‘ulismrem,
639 2609 749 2674 qnam'ad
767 2622 770 2625 ’

603 2693 606 2721 i
