1792 2950
171 129 372 219 numium
384 153 509 219 xxxix
528 155 643 222 cmc
706 163 738 208 o

80 287 126 354 puli
140 287 215 349 magis
229 286 344 348 magisque
362 287 388 334 in
401 302 457 333 cum,
471 285 695 340 mcuomioemerst,
712 287 746 334 di-

82 351 155 402 missio
171 351 275 403 comitiis,
292 358 395 399 senatum
412 345 522 398 vocavis
538 349 686 400 ‘censuerunt
701 349 747 396 fre-

80 424 181 476 quentes,
201 422 217 444 ‘¹
226 415 329 474 quonism
342 413 446 463 Flaccum
458 416 577 462 auctoritas
587 413 681 463 Panum
693 414 749 463 nibil

80 481 195 532 movisset,
208 479 235 525 sd
246 479 350 542 populum
361 494 412 525 cum
425 478 507 525 Flacco
517 477 655 541 agenduml’
684 477 748 527 Con·

80 546 144 592 done
158 541 273 596 sdvocstd,
291 559 344 590 cum
356 543 439 608 egisset
453 544 544 600 consul;
561 553 648 590 netum
659 541 749 604 quidem

81 609 109 660 de
128 606 240 656 sententia
257 615 338 659 motus,
362 607 445 669 gratias
465 608 548 670 populo
566 608 671 654 Romano
693 607 749 670 egit,

82 673 167 734 “quod
183 679 245 718 tanto
261 672 339 724 studio,
358 672 539 732 quotiescumque
553 672 690 721 decurmdae
707 688 749 719 vo-

80 737 173 792 luntatis
191 745 290 800 potestas
306 735 364 798 factu
380 744 444 789 esset,
463 745 580 796 praetorem
601 752 625 783 se
643 736 750 784 voluisset

80 802 162 850 facere.
199 801 235 848 Es
245 801 284 846 sibi
298 800 369 848 studia
380 801 461 851 civium
473 816 563 848 suorum
574 801 693 848 destituere
703 815 748 846 non

81 867 107 912 in
118 866 192 910 animo
203 862 278 910 esse.”
303 863 362 910 Haec
373 881 426 912 vero
435 873 481 911 tum
489 866 599 912 obstinata
606 879 652 910 vox
662 872 749 911 tuntum

83 928 214 976 missorem
225 929 331 981 accendit,
350 938 374 977 ut
384 929 442 978 bsud
457 930 536 976 dubius
550 938 632 990 praetor
646 937 712 982 esset,
730 928 751 976 si

83 994 164 1044 consul
171 994 269 1055 occipere
278 1008 358 1039 nomen
370 994 443 1042 vellet.
464 993 549 1056 Ingens
560 1002 671 1040 ccrtnmen
682 992 751 1040 tribu-

84 1058 126 1114 nis,
144 1065 167 1104 et
183 1059 240 1104 inter
259 1074 286 1105 se
298 1059 364 1118 ipsos,
382 1067 405 1104 et
422 1074 473 1104 cunr
491 1059 590 1111 consule,
606 1058 663 1115 fuit;
680 1058 751 1104 donec

84 1131 198 1171 oenstusa
212 1121 303 1168 consule
319 1129 354 1168 est
367 1123 462 1176 habitus,
479 1123 649 1181 decretumque:
670 1129 685 1151 ‘⁸
696 1136 753 1182 quo-

82 1189 151 1240 nium,
169 1187 273 1247 praetoris
284 1186 416 1248 subrogandi
427 1187 516 1233 comitia
527 1202 555 1233 ne
566 1185 651 1248 legibus
664 1185 750 1238 tierent,
827 1228 829 1233 .

82 1251 206 1362 aminneis
218 1250 250 1304 Q„
262 1249 335 1296 Flacci
346 1258 370 1296 et
383 1267 452 1312 provo
465 1251 538 1297 studia
552 1251 667 1295 bominum
681 1251 753 1310 impe-

98 1317 163 1368 'rent
182 1323 282 1360 senatum
302 1329 399 1368 censere,
422 1315 476 1362 sutis
494 1322 615 1375 prostorum
634 1328 699 1359 csse:
722 1311 749 1359 P.

83 1379 206 1428 Cornelius
222 1387 336 1438 utramque
350 1380 373 1424 in
390 1378 453 1425 Urbe
461 1377 640 1439 jurisdictionem
655 1377 752 1430 haberet,

85 1443 231 1506 Apollinique
241 1443 305 1491 ludos
315 1441 424 1491 faceret.”
832 1484 836 1490 ,

120 1507 179 1554 XL.
192 1508 236 1553 His
247 1509 342 1553 comitiis
353 1505 471 1570 prudentii
481 1515 504 1553 et
513 1507 595 1553 virtute
603 1505 693 1553 senatus
703 1507 754 1553 sub-

86 1572 146 1625 tntis,
165 1572 206 1618 aiio
216 1573 303 1633 majoris
314 1572 447 1624 certaminis,
466 1586 510 1631 quo
521 1581 545 1616 et
555 1572 638 1632 majore
648 1569 676 1617 de
686 1587 718 1624 re,
732 1579 760 1621 et.

85 1639 146 1695 inter
157 1636 229 1697 plures
240 1637 418 1697 potentioresque
426 1636 493 1688 viros,
511 1641 564 1681 suot
574 1643 658 1681 exorto.
693 1633 754 1684 Cen-

85 1716 163 1749 suram
175 1699 260 1747 summi
272 1701 415 1747 contentione
425 1700 528 1761 petebant
538 1698 567 1745 1.
577 1698 680 1746 Valerius
689 1698 755 1748 Fisc-

85 1783 136 1819 cus,
158 1764 185 1811 P.
206 1773 229 1811 et
244 1764 272 1810 1.
294 1766 415 1826 Scipiones,
437 1763 482 1813 Cn.
502 1764 602 1817 Manlius
621 1762 701 1817 Vulso,
722 1762 752 1809 L.

85 1830 173 1877 Furius
184 1828 306 1891 Purpureo,
318 1830 416 1890 patricii:
429 1829 509 1891 plebeii
518 1838 601 1881 sutem,
613 1828 650 1874 M.
661 1828 756 1875 Porcius

88 1888 158 1950 Cato,
176 1892 212 1945 M·
231 1892 324 1940 Fulvius
344 1892 454 1946 Nobilior,
470 1892 507 1939 Ti.
526 1900 549 1939 et
564 1892 600 1946 M.
621 1891 754 1953 Sempronii,

87 1957 187 2019 Longus
197 1965 220 2003 et
230 1957 369 2005 Tuditanus:
389 1959 428 2004 sod
442 1972 521 2003 omnes
563 1958 638 2003 tricios
648 1956 756 2019 plebeios-

55 2024 61 2031 '
86 2039 133 2084 que
143 2022 330 2069 nobilissimarum
339 2021 470 2068 familiarum
481 2021 518 2067 Μ.
553 2021 626 2067 orcius
638 2022 705 2082 longe
716 2034 757 2065 sn-

85 2088 162 2135 teibnt.
198 2084 226 2133 In
243 2087 285 2132 hoc
300 2087 348 2133 viro
363 2094 424 2141 tnnts
438 2087 473 2139 vis
488 2086 554 2132 enimi
570 2084 697 2147 ingeniique
706 2083 762 2136 suit,

86 2159 121 2205 ut,
141 2166 283 2211 quocumque
297 2151 348 2205 loco
365 2158 429 2197 nutus
446 2159 513 2204 esset,
529 2150 641 2213 fortunam
656 2147 697 2192 sibi
710 2147 758 2207 ipse

85 2216 189 2263 facturus
203 2214 272 2261 fuisse
283 2216 399 2262 videretur.
435 2215 506 2261 Nulla
519 2230 563 2267 srs,
580 2226 651 2271 neque
665 2210 758 2271 privnae

87 2295 163 2341 noque
178 2278 270 2339 publicae
282 2281 313 2325 rei
323 2279 435 2341 gerendae,
448 2280 468 2324 ei
479 2277 555 2323 defuit.
592 2274 695 2321 Urbanos
709 2289 758 2321 rus·

88 2345 191 2403 ficusque
207 2358 242 2389 res
259 2344 340 2405 puriter
356 2344 456 2389 cudebat.
491 2341 529 2387 Ad
546 2354 645 2386 summos
662 2338 758 2385 bonores
793 2381 798 2398 Ι

89 2409 147 2455 ulios
158 2407 250 2453 scientia
259 2408 323 2468 juris,
340 2408 395 2467 olion
405 2405 538 2465 eloquentia,
554 2404 609 2450 ulios
619 2402 759 2464 glorinmiii·
791 2451 796 2461 ,

89 2472 146 2531 tntis
156 2472 272 2533 provexit:
288 2470 456 2517 buic‘versatile
465 2468 580 2529 ingenium
592 2468 623 2512 sic
635 2468 718 2529 puriter.
731 2466 759 2511 od

91 2536 169 2581 omnis
178 2534 227 2589 fuit,
240 2541 266 2581 ut
276 2543 352 2591 notum
367 2535 395 2581 sd
409 2533 432 2578 id
446 2547 517 2579 unum
530 2532 623 2584 diceres,
637 2531 760 2591 quodcum·

90 2615 137 2663 que
153 2606 237 2661 egeret.
274 2597 304 2645 In
320 2599 378 2645 bello
395 2612 464 2644 msnu
481 2595 622 2649 fortissimus,
641 2594 761 2651 multisque

91 2663 220 2735 ΜΨ
230 2661 489 2747 εωΡυβὼὸᾸᾶθῦι
501 2667 618 2732 postquam
628 2658 658 2711 sd
667 2668 763 2727 msguos
