1792 2950
189 137 318 214 WVH
334 137 386 213 Lra
401 138 571 212 XipIVnQar.
586 147 624 189 82.
689 148 735 195 298

67 270 125 327 siita
133 267 250 321 videbitur,
259 266 512 329 Diisbenejuvantibua,
522 270 615 319 rumas?
637 269 728 319 Nihilne

68 333 169 389 interest,
182 338 256 382 utrum
267 330 366 385 militem,
376 347 442 392 ,quem
455 346 526 392 neque
537 334 580 379 viae
588 334 648 379 labor
656 334 727 389 hodie,

67 412 141 459 neque
151 395 227 457 operis
236 394 369 455 fatigaverit,
380 396 510 455 requietum,
523 396 635 458 integrum
646 398 668 446 in
680 406 729 445 ten-

67 461 124 517 torio
136 475 179 515 suo
190 473 252 513 artua
262 459 429 520 caperejubeas,
441 467 507 519 atque
518 460 540 505 in
556 461 624 507 aciem
637 461 728 522 plenum

66 525 157 579 virium,
175 523 290 583 rigentem
308 528 340 579 et„
349 537 441 583 corpore
458 530 480 569 et
496 524 570 570 animo
586 524 683 571 educas?
699 540 728 573 an

65 588 136 649 longo
151 580 234 641 itinere
248 584 372 647 iatigatrnn,
389 593 412 631 et
423 601 490 632 onere
499 585 589 641 fessum,
602 586 727 635 madentem

65 654 155 711 maore,
165 649 295 701 ardentibus
306 650 342 700 siti
352 648 457 709 faucious,
472 666 510 704 ore
527 658 593 711 atque
609 652 678 698 oculis
692 668 727 701 re-
801 684 808 701 χ

62 716 130 779 pletis
139 715 240 777 pulvere¹
253 719 372 759 torrentem
384 712 504 763 meridiano
511 712 564 767 sole,
573 714 630 761 hosti
638 716 727 777 objicias

62 780 156 835 repenti,
168 777 252 839 quieto,
264 776 302 836 qui
313 775 374 824 nulli
387 792 412 824 re
424 784 616 826 anteconsumtas
630 779 688 826 vires
699 780 726 829 ad

60 844 170 910 proelium
185 840 279 915 afferat?
312 840 377 898 Quis,
389 855 430 900 pro
440 840 517 901 Deum
529 841 606 889 fidem!
624 843 655 889 ita
665 859 727 889 com-

12 964 20 969 ·
59 914 162 975 paratus,
175 906 212 951 vel
226 919 285 959 mers
297 910 364 966 atque
379 905 477 959 imbellis,
495 905 638 963 fortissimum
654 908 726 955 virum

58 985 109 1028 non
119 968 218 1017 vicerit?
246 967 325 1021 Quid?
337 968 479 1028 quodhostes
489 986 528 1031 per
537 985 647 1015 summum
655 970 725 1017 otium

56 1036 216 1082 instrrrxerant
223 1032 300 1085 aciem,
310 1040 462 1093 reparaverant
470 1033 562 1086 animos,
570 1034 656 1087 stabant
664 1050 725 1082 com-

56 1099 129 1163 positi
140 1097 188 1153 suis
198 1096 290 1156 quisque
300 1096 427 1151 ordinibus3
443 1096 506 1142 nobis
517 1103 569 1143 tunc
581 1104 669 1157 repente
680 1105 725 1145 tre-

55 1162 184 1272 pidandrpm
192 1161 215 1206 in
226 1160 272 1213 acie
279 1156 407 1219 instruendi
414 1166 468 1229 erat,
480 1166 502 1213 et
510 1158 660 1219 incompositis
668 1176 723 1209 con·

58 1242 145 1275 curren
162 1240 208 1270 um.

87 1287 223 1347 xxxix
242 1287 302 1333 “At
313 1286 426 1351 (Hercule
435 1283 454 1345 i)
468 1286 536 1333 aciem
547 1285 635 1345 quidem
646 1284 723 1333 incon-

54 1356 130 1405 ditam
148 1352 339 1412 inordinatamque
354 1350 519 1403 habuissemus:
540 1356 611 1409 castra
630 1350 723 1403 munita,

53 1420 175 1486 provisam
184 1416 330 1477 aquationem,
342 1422 415 1461 tutum
423 1414 508 1471 adeam
516 1412 723 1524 iterpraesidiiaim-

52 1485 147 1550 positis,
168 1482 282 1542 explorata
299 1481 357 1537 circa
374 1478 461 1536 omnia;
481 1493 509 1542 ap
525 1478 569 1524 nih'
598 1478 666 1524 nostri
683 1478 722 1524 ha·

50 1553 138 1604 bentes
154 1553 237 1607 praeter
251 1543 334 1602 narium
345 1558 454 1604 campum,
466 1543 545 1602 inquo
555 1539 723 1604 pugnaremus?

50 1614 162 1675 Maiores
173 1609 242 1660 vestri
252 1615 324 1655 castra
334 1608 419 1657 munita
431 1613 520 1668 portum
532 1605 559 1652 ad
569 1619 646 1652 omnes
660 1619 724 1652 casus

11 1671 15 1681 '
50 1675 174 1731 exercitiis
190 1671 298 1720 ducebant
315 1687 377 1732 esse:
396 1669 455 1725 uude
472 1669 500 1718 ad
514 1684 612 1732 pugnam
628 1669 721 1723 exirent,

65 1757 99 1800 uo
115 1737 198 1802 jactati
217 1742 347 1797 tempestate
367 1750 450 1798 pugnae
469 1740 580 1796 receptum
599 1733 718 1780 haberent:

49 1759 113 1866 ἴδω,
129 1817 182 1849 cum
192 1800 335 1848 munimentis
349 1814 376 1846 ea
392 1800 507 1864 cepissent,
523 1797 624 1858 praesidio
635 1812 722 1862 quoque

48 1869 132 1926 calido
140 1865 270 1924 firmabant3
283 1863 350 1924 quod,
358 1864 395 1922 qui
402 1863 479 1912 castris
484 1867 566 1924 ,exutus
572 1869 625 1915 erat,
636 1861 720 1908 etiamsi

63 1930 181 1997 ugnando
191 1929 238 1976 acie
247 1927 345 1979 vicisset,
362 1941 403 1988 pro
417 1927 477 1984 vicio
488 1927 610 1981 haberetur.
641 1923 721 1972 Castra

48 2003 109 2054 mna
125 1993 207 2040 victori
223 1990 392 2052 receptaculum,
403 1989 467 2045 ¹victo
477 1989 608 2053 perfugium.
644 1988 720 2042 Quam

48 2060 122 2110 multi
133 2056 252 2108 exercitus,
264 2054 342 2114 quibua
350 2051 423 2098 minus
430 2067 535 2114 prospera
542 2066 624 2112 pugnae
631 2050 720 2110 fortuna

46 2127 105 2181 fuit,
117 2123 181 2168 intra
195 2119 278 2173 vallum,
294 2116 409 2178 compulsi,
427 2116 528 2176 tempore
547 2130 594 2168 suo,
609 2114 720 2160 interdum

48 2192 175 2237 momento
186 2189 243 2245 post,
256 2182 371 2243 eruptione
385 2177 451 2232 facti,
466 2179 573 2226 rictorem
584 2178 670 2222 hostem
681 2191 720 2236 pe-

106 2246 178 2297 runt!
212 2245 289 2292 Patria
299 2245 367 2292 altera
376 2250 412 2288 est
421 2242 521 2288 militaris
532 2242 580 2286 haec
591 2239 660 2292 sedes,
673 2239 720 2284 vai-

46 2253 150 2376 ffique
160 2325 202 2373 pro
215 2309 331 2362 moenibus,
343 2314 367 2354 et
377 2307 497 2360 tentorium
508 2318 573 2350 suurn
585 2302 665 2362 cuique
677 2301 720 2347 mi-

46 2382 85 2436 liti
97 2380 184 2429 domus
195 2389 221 2422 ac
230 2380 322 2435 penates
333 2378 392 2418 sunt.
419 2367 474 2418 Sme
488 2365 533 2414 uili
550 2364 601 2412 serie
619 2365 671 2426 vagi
687 2365 720 2410 di·

46 2441 211 2492 micamus,
223 2443 248 2492 ut
262 2451 307 2511 pua
321 2435 417 2494 victores
428 2447 470 2480 nos
481 2427 643 2492 reciperemus?
675 2427 721 2474 His

47 2500 225 2556 difficultatibus
235 2507 258 2548 et
265 2498 427 2569 rmperiimentia
433 2510 517 2560 pugnae
527 2493 581 2539 illud
589 2493 719 2554 opponitur:

47 2570 120 2636 Qpid
131 2565 230 2617 sihostis
241 2565 282 2612 hac
292 2559 423 2624 interpositi
433 2567 498 2608 nocte
508 2555 605 2605 abisset?
616 2564 721 2618 quantum

47 2642 134 2694 rjursun
149 2628 262 2704 {etflendo
278 2644 305 2681 eo
314 2625 408 2692 ,penitus
420 2625 444 2696 ip
455 2624 554 2732 ultimpm
566 2621 723 2686 Macedoniam

55 2697 77 2712 '⁴
460 2693 499 2735 2c
547 2697 552 2712 ·
719 2685 724 2696 '
