1792 2950
167 187 201 231 80
300 184 329 230 T.
343 180 430 230 LIVlI
446 177 498 228 Lu.
513 181 567 228 xL.
588 179 645 230 Car.
661 184 698 225 21.

164 301 332 374 cognoscerent
341 292 514 371 suumque)
522 305 741 356 Incsdaemoniorum
749 308 829 355 deinde

157 377 273 429 exsulum,
294 383 316 420 et
332 375 475 428 Achaeorum,
496 376 564 437 legati
580 374 698 422 introducti
714 381 780 418 sunt:
805 385 829 419 et

166 456 216 503 apes
225 441 276 486 dsto
285 439 397 485 exsutbus
406 448 448 492 est,
465 440 597 500 scripturum
611 445 712 484 serratum
727 437 827 490 Achseis,

164 513 190 551 ut
201 505 374 550 restituerentur.
409 505 489 550 Acbaei
500 503 528 549 de
538 503 645 550 Messene
655 500 751 562 recepti,
765 513 828 548 com-

162 569 284 630 positisque
298 568 328 613 ibi
345 569 416 621 rebus,
434 583 485 614 cum
501 581 592 615 msensu
609 567 701 614 Petrum
718 581 829 627 exposue-

163 639 222 680 runt.
260 631 293 678 Et
308 649 322 678 a
338 632 440 696 Philippo
457 649 510 694 rege
527 632 677 680 Macedonum
696 630 741 676 duo
759 630 828 691 legati

163 703 278 749 uenerunt,
297 697 409 743 Philocles
423 704 446 742 et
459 697 556 758 Apelles,
574 693 635 741 nulli
649 710 714 756 super
727 709 758 747 re,
777 709 829 756 quoe

163 762 190 806 eb
204 768 282 806 senatu
296 761 391 822 petendu
404 769 478 818 easet;
498 761 632 822 spectristum
648 760 720 820 magis
735 759 828 818 inquisi-
844 773 848 782 ·

162 831 255 884 tumque
264 825 326 870 rnissi
337 825 364 870 de
374 826 408 877 iis,
424 840 518 884 quorum
533 824 627 870 Perseus
638 822 782 870 Demetrium
793 824 828 867 in-

164 887 289 934 simulrisaet
312 903 440 934 sermonum
458 903 508 934 cum
525 889 641 941 Romanis,
661 887 758 932 maxime
776 902 827 933 cum

162 951 192 998 Τ.
206 951 308 1006 Quintio,
328 953 434 999 adversus
451 953 542 999 fratrem
562 953 589 998 de
605 967 674 1013 regno
691 951 824 996 habitorum.

163 1016 223 1069 Hos,
235 1023 347 1076 tamquam
359 1017 451 1069 medios,
467 1018 541 1063 necin
552 1015 750 1062 ulteriusisvorem
761 1015 827 1060 incli-

162 1088 233 1133 nttos‚
250 1081 340 1127 miseret
354 1095 407 1127 rex:
426 1088 489 1126 erent
504 1089 577 1126 sutem
589 1088 611 1126 et
623 1081 644 1124 bi
656 1078 732 1125 Persei
742 1077 826 1125 fraudis

162 1145 186 1189 in
201 1144 291 1192 fratrem
307 1145 402 1190 ministri
419 1153 443 1190 et
460 1145 583 1207 participes.
618 1143 756 1197 Demetrius,
778 1159 827 1189 om-

162 1209 231 1262 niurn,
246 1217 393 1270 preterquam
407 1209 498 1256 fraterni
513 1209 607 1261 sceleris,
624 1208 683 1268 quod
694 1223 765 1268 nuper
776 1223 827 1253 eru-

161 1280 230 1334 perat,
247 1275 345 1335 ignarus,
363 1275 435 1335 primo
451 1289 522 1333 neque
536 1287 639 1334 magnam
655 1287 727 1332 neque
742 1271 825 1318 nullum

162 1353 224 1400 spem
239 1339 337 1391 babebat,
354 1346 438 1400 patrem
454 1339 493 1383 sibi
508 1338 588 1398 piscari
602 1349 680 1398 posse:
703 1336 777 1381 minus
788 1336 826 1382 de

161 1403 213 1448 inde
223 1403 246 1448 in
257 1404 303 1449 dies
313 1405 382 1464 putris
392 1404 465 1450 animo
476 1402 563 1455 fidebat,
575 1416 625 1446 cum
637 1400 729 1446 obsideri
740 1415 826 1446 uurese
882 1415 883 1446 ζ

160 1465 229 1514 fratre
239 1476 345 1515 cerneret
372 1466 458 1528 Iusque,
470 1466 646 1527 circumspiciens
657 1465 715 1511 dictu
724 1463 826 1525 factaque

162 1545 208 1585 suu,
226 1547 255 1578 ue
269 1535 332 1594 eujus
346 1534 482 1593 suspiciones
497 1539 594 1592 sugeret,
612 1530 708 1575 maxime
722 1531 749 1577 ab
764 1531 825 1575 omni

161 1597 275 1641 mentione
290 1605 313 1641 et
327 1597 461 1655 contagione
476 1595 629 1641 Romanorum
643 1594 780 1651 abstinebam
801 1600 826 1639 ut

162 1673 234 1717 neque
245 1659 308 1704 scribi
323 1660 362 1703 sibi
376 1660 450 1711 vellet,
466 1660 517 1718 quia
531 1660 572 1705 boc
586 1659 696 1721 praecipue
706 1658 824 1705 criminum
881 1680 882 1703 r

159 1736 243 1782 genere
254 1722 377 1781 exasperari
387 1723 486 1767 animum
497 1725 613 1769 sentiebat*

193 1783 266 1829 xxl.
282 1784 403 1845 Philippus,
416 1787 482 1831 minui
490 1801 518 1832 ne
526 1788 572 1834 otio
580 1788 643 1833 miles
651 1787 745 1832 deterior
753 1786 823 1840 fieret.

161 1848 227 1893 droul
234 1849 359 1894 avertendae
370 1850 501 1911 suspicionis
512 1850 578 1898 cousi
588 1851 705 1911 quidquam
716 1866 730 1897 a
741 1866 766 1896 se
777 1852 824 1913 sgi-

161 1912 202 1957 tari
218 1911 246 1957 de
259 1911 364 1958 Romano
378 1914 443 1967 bello,
462 1914 542 1962 Stobos
559 1914 658 1962 Paeonioe
675 1915 774 1961 exercitu
790 1916 824 1960 in-

161 1976 227 2028 dieto,
242 1976 266 2021 in
281 1977 400 2024 Medicam
416 1978 496 2025 ducere
510 1980 590 2041 pergit.
625 1978 713 2040 Cupido
724 1994 776 2025 eum
788 1995 825 2025 ce-

160 2047 222 2102 perat
240 2041 263 2085 in
280 2042 385 2089 verticem
404 2042 482 2089 Haemi
501 2045 583 2089 montis
600 2043 753 2096 sdscendendi,
774 2045 825 2104 quis

112 2106 118 2113 ’
159 2106 258 2168 vulgaire
268 2106 366 2167 opinioni
376 2108 503 2162 crediderat,
516 2107 635 2154 Ponticum
646 2108 711 2153 simtd
722 2114 746 2153 et
756 2108 825 2154 Adri·
879 2144 880 2165 ἶ

159 2171 241 2216 tticum
257 2185 324 2224 mere,
347 2178 369 2217 et
386 2170 470 2217 latrum
486 2188 581 2225 amnem,
601 2178 624 2218 et
640 2172 711 2233 Alpes
726 2173 823 2234 conspici
879 2168 880 2208 i

158 2250 239 2295 posse:
264 2237 361 2297 subjecta
378 2237 448 2282 oculis
466 2252 493 2282 en
508 2238 565 2283 haud
581 2237 642 2298 parvi
659 2237 699 2282 sibi
715 2238 825 2283 momenti

158 2298 234 2346 futuru
248 2300 276 2346 ud
294 2301 451 2361 cogitationem
468 2300 565 2347 Romani
580 2301 639 2346 belli.
675 2299 823 2347 Percontatus

159 2364 257 2424 regionis
268 2366 351 2425 peritos
365 2365 392 2410 de
406 2366 513 2412 adscensu
529 2364 615 2417 Haemi,
632 2380 682 2410 cum
698 2366 752 2411 satis
766 2365 824 2411 inter

158 2441 237 2473 omnes
251 2435 369 2482 constaret,
386 2430 444 2475 viam
459 2428 565 2476 exercitui
578 2430 660 2475 nullum
675 2444 731 2481 esse,
747 2430 823 2490 paucis
878 2448 879 2455 ¹

158 2496 182 2534 et
191 2491 298 2550 expeditis
307 2493 497 2552 perdifficrllimum
508 2494 598 2547 aditum,
610 2500 635 2539 ut
645 2508 749 2539 sermone
758 2492 823 2539 inmi-

158 2552 206 2597 liari
216 2555 324 2601 minorem
334 2556 404 2603 filium
413 2558 565 2618 permulceret,
581 2572 646 2617 quern
658 2564 766 2603 ststuerst
777 2572 821 2603 non

158 2615 239 2661 ducere
253 2631 336 2671 secum,
356 2621 451 2679 primum
468 2622 547 2681 qnaerit
562 2622 588 2667 ab
604 2637 639 2674 eo,
658 2619 743 2667 “Cum
760 2628 822 2667 tenta

156 2679 274 2728 dificulter
289 2682 373 2728 itineris
385 2692 528 2744 proponatur,
546 2693 620 2731 utrum
635 2685 821 2746 perseverandum
