<?xml version="1.0" encoding="UTF-8"?>
<!DOCTYPE html PUBLIC "-//W3C//DTD XHTML 1.0 Transitional//EN"
    "http://www.w3.org/TR/xhtml1/DTD/xhtml1-transitional.dtd">
<html xmlns="http://www.w3.org/1999/xhtml" xml:lang="en" lang="en">
 <head>
  <title>
</title>
<meta http-equiv="Content-Type" content="text/html;charset=utf-8" />
  <meta name='ocr-system' content='tesseract 3.04.00' />
  <meta name='ocr-capabilities' content='ocr_page ocr_carea ocr_par ocr_line ocrx_word'/>
</head>
<body>
  <div class='ocr_page' id='page_1' title='image "./tliviipatavinih00caregoog_0102.png"; bbox 0 0 1792 2950; ppageno 0'>
   <div class='ocr_carea' id='block_1_1' title="bbox 210 130 742 193">
    <p class='ocr_par' dir='ltr' id='par_1_1' title="bbox 210 130 742 193">
     <span class='ocr_line' id='line_1_1' title="bbox 210 130 742 193; baseline 0.008 -4"><span class='ocrx_word' id='word_1_1' title='bbox 210 137 340 189; x_wconf 53' lang='lat' dir='ltr'>2111le</span> <span class='ocrx_word' id='word_1_2' title='bbox 356 140 408 189; x_wconf 82' lang='lat' dir='ltr'>Lm.</span> <span class='ocrx_word' id='word_1_3' title='bbox 422 141 477 190; x_wconf 85' lang='lat' dir='ltr'>XL.</span> <span class='ocrx_word' id='word_1_4' title='bbox 497 140 556 191; x_wconf 67' lang='lat' dir='ltr'>cir.</span> <span class='ocrx_word' id='word_1_5' title='bbox 571 146 609 190; x_wconf 85' lang='lat'>85.</span> <span class='ocrx_word' id='word_1_6' title='bbox 676 130 682 136; x_wconf 40' lang='lat'>⁸</span> <span class='ocrx_word' id='word_1_7' title='bbox 712 151 742 193; x_wconf 78' lang='lat'>93</span> 
     </span>
    </p>
   </div>
   <div class='ocr_carea' id='block_1_2' title="bbox 71 263 772 1540">
    <p class='ocr_par' dir='ltr' id='par_1_2' title="bbox 71 263 772 1540">
     <span class='ocr_line' id='line_1_2' title="bbox 73 263 744 332; baseline 0.006 -18"><span class='ocrx_word' id='word_1_8' title='bbox 73 274 181 330; x_wconf 64' lang='lat' dir='ltr'>,pretore</span> <span class='ocrx_word' id='word_1_9' title='bbox 194 276 230 316; x_wconf 81' lang='lat' dir='ltr'>est</span> <span class='ocrx_word' id='word_1_10' title='bbox 248 267 369 332; x_wconf 84' lang='lat' dir='ltr'>Ligurrbus</span> <span class='ocrx_word' id='word_1_11' title='bbox 382 272 449 332; x_wconf 86' lang='lat' dir='ltr'>jussu</span> <span class='ocrx_word' id='word_1_12' title='bbox 467 273 563 326; x_wconf 77' lang='lat' dir='ltr'>senatis,</span> <span class='ocrx_word' id='word_1_13' title='bbox 588 263 744 318; x_wconf 83' lang='lat' dir='ltr'>“Orationem</span> 
     </span>
     <span class='ocr_line' id='line_1_3' title="bbox 79 334 746 397; baseline 0.006 -19"><span class='ocrx_word' id='word_1_14' title='bbox 79 348 129 379; x_wconf 70' lang='lat' dir='ltr'>mm</span> <span class='ocrx_word' id='word_1_15' title='bbox 140 348 187 379; x_wconf 88' lang='lat' dir='ltr'>non</span> <span class='ocrx_word' id='word_1_16' title='bbox 199 348 280 380; x_wconf 85' lang='lat' dir='ltr'>novam</span> <span class='ocrx_word' id='word_1_17' title='bbox 292 334 412 397; x_wconf 73' lang='lat' dir='ltr'>Liguribus</span> <span class='ocrx_word' id='word_1_18' title='bbox 422 351 485 382; x_wconf 83' lang='lat' dir='ltr'>esse:</span> <span class='ocrx_word' id='word_1_19' title='bbox 504 352 567 382; x_wconf 88' lang='lat' dir='ltr'>mens</span> <span class='ocrx_word' id='word_1_20' title='bbox 581 353 635 382; x_wconf 89' lang='lat' dir='ltr'>vero</span> <span class='ocrx_word' id='word_1_21' title='bbox 649 343 675 383; x_wconf 90' lang='lat' dir='ltr'>ut</span> <span class='ocrx_word' id='word_1_22' title='bbox 687 351 746 382; x_wconf 88' lang='lat' dir='ltr'>nova</span> 
     </span>
     <span class='ocr_line' id='line_1_4' title="bbox 78 398 746 462; baseline 0.004 -19"><span class='ocrx_word' id='word_1_23' title='bbox 78 405 104 443; x_wconf 84' lang='lat' dir='ltr'>et</span> <span class='ocrx_word' id='word_1_24' title='bbox 113 398 210 444; x_wconf 79' lang='lat' dir='ltr'>orationi</span> <span class='ocrx_word' id='word_1_25' title='bbox 220 399 355 446; x_wconf 81' lang='lat' dir='ltr'>conueniens</span> <span class='ocrx_word' id='word_1_26' title='bbox 365 406 430 453; x_wconf 83' lang='lat' dir='ltr'>esset,</span> <span class='ocrx_word' id='word_1_27' title='bbox 442 401 541 461; x_wconf 87' lang='lat' dir='ltr'>ipsorum</span> <span class='ocrx_word' id='word_1_28' title='bbox 551 401 573 447; x_wconf 93' lang='lat' dir='ltr'>id</span> <span class='ocrx_word' id='word_1_29' title='bbox 583 401 701 462; x_wconf 86' lang='lat' dir='ltr'>plurimum</span> <span class='ocrx_word' id='word_1_30' title='bbox 711 416 746 446; x_wconf 86' lang='lat' dir='ltr'>re-</span> 
     </span>
     <span class='ocr_line' id='line_1_5' title="bbox 76 460 747 525; baseline 0.009 -19"><span class='ocrx_word' id='word_1_31' title='bbox 76 460 145 508; x_wconf 74' lang='lat' dir='ltr'>ferre.</span> <span class='ocrx_word' id='word_1_32' title='bbox 180 462 221 509; x_wconf 88' lang='lat' dir='ltr'>Ad</span> <span class='ocrx_word' id='word_1_33' title='bbox 238 464 341 509; x_wconf 84' lang='lat' dir='ltr'>consules</span> <span class='ocrx_word' id='word_1_34' title='bbox 355 465 420 517; x_wconf 80' lang='lat' dir='ltr'>irent,</span> <span class='ocrx_word' id='word_1_35' title='bbox 440 471 470 518; x_wconf 88' lang='lat' dir='ltr'>et,</span> <span class='ocrx_word' id='word_1_36' title='bbox 491 480 540 525; x_wconf 80' lang='lat' dir='ltr'>quae</span> <span class='ocrx_word' id='word_1_37' title='bbox 556 467 582 512; x_wconf 91' lang='lat' dir='ltr'>ab</span> <span class='ocrx_word' id='word_1_38' title='bbox 597 466 624 510; x_wconf 92' lang='lat' dir='ltr'>iis</span> <span class='ocrx_word' id='word_1_39' title='bbox 639 466 747 525; x_wconf 78' lang='lat' dir='ltr'>imperata</span> 
     </span>
     <span class='ocr_line' id='line_1_6' title="bbox 77 525 744 587; baseline 0.003 -15"><span class='ocrx_word' id='word_1_40' title='bbox 77 534 164 579; x_wconf 67' lang='lat' dir='ltr'>ment,</span> <span class='ocrx_word' id='word_1_41' title='bbox 174 525 284 573; x_wconf 79' lang='lat' dir='ltr'>facerent:</span> <span class='ocrx_word' id='word_1_42' title='bbox 301 528 356 573; x_wconf 89' lang='lat' dir='ltr'>nulli</span> <span class='ocrx_word' id='word_1_43' title='bbox 366 529 410 580; x_wconf 84' lang='lat' dir='ltr'>alii,</span> <span class='ocrx_word' id='word_1_44' title='bbox 422 542 488 587; x_wconf 82' lang='lat' dir='ltr'>quum</span> <span class='ocrx_word' id='word_1_45' title='bbox 499 530 631 582; x_wconf 86' lang='lat' dir='ltr'>consulibus,</span> <span class='ocrx_word' id='word_1_46' title='bbox 644 537 744 575; x_wconf 86' lang='lat' dir='ltr'>senatum</span> 
     </span>
     <span class='ocr_line' id='line_1_7' title="bbox 76 590 744 654; baseline 0.004 -18"><span class='ocrx_word' id='word_1_47' title='bbox 76 591 217 636; x_wconf 78' lang='lat' dir='ltr'>credimrum</span> <span class='ocrx_word' id='word_1_48' title='bbox 231 606 288 646; x_wconf 83' lang='lat' dir='ltr'>esse,</span> <span class='ocrx_word' id='word_1_49' title='bbox 306 590 392 638; x_wconf 79' lang='lat' dir='ltr'>sinceri</span> <span class='ocrx_word' id='word_1_50' title='bbox 404 590 448 637; x_wconf 88' lang='lat' dir='ltr'>fide</span> <span class='ocrx_word' id='word_1_51' title='bbox 460 593 483 637; x_wconf 91' lang='lat' dir='ltr'>in</span> <span class='ocrx_word' id='word_1_52' title='bbox 497 608 551 653; x_wconf 82' lang='lat' dir='ltr'>pace</span> <span class='ocrx_word' id='word_1_53' title='bbox 562 592 658 654; x_wconf 84' lang='lat' dir='ltr'>Ligures</span> <span class='ocrx_word' id='word_1_54' title='bbox 668 591 744 639; x_wconf 87' lang='lat' dir='ltr'>esse.‘&#39;</span> 
     </span>
     <span class='ocr_line' id='line_1_8' title="bbox 77 651 746 718; baseline 0.003 -18"><span class='ocrx_word' id='word_1_55' title='bbox 77 651 132 700; x_wconf 85' lang='lat' dir='ltr'>Pax</span> <span class='ocrx_word' id='word_1_56' title='bbox 149 655 174 699; x_wconf 92' lang='lat' dir='ltr'>in</span> <span class='ocrx_word' id='word_1_57' title='bbox 192 653 314 716; x_wconf 76' lang='lat' dir='ltr'><strong>Liguribus</strong></span> <span class='ocrx_word' id='word_1_58' title='bbox 331 655 380 701; x_wconf 78' lang='lat' dir='ltr'>fuit.</span> <span class='ocrx_word' id='word_1_59' title='bbox 415 654 445 701; x_wconf 88' lang='lat' dir='ltr'>In</span> <span class='ocrx_word' id='word_1_60' title='bbox 465 655 558 704; x_wconf 75' lang='lat' dir='ltr'>Corsici</span> <span class='ocrx_word' id='word_1_61' title='bbox 571 665 695 718; x_wconf 82' lang='lat' dir='ltr'>pugnatum</span> <span class='ocrx_word' id='word_1_62' title='bbox 712 664 746 702; x_wconf 85' lang='lat' dir='ltr'>est</span> 
     </span>
     <span class='ocr_line' id='line_1_9' title="bbox 76 717 745 782; baseline 0.006 -18"><span class='ocrx_word' id='word_1_63' title='bbox 76 733 132 764; x_wconf 80' lang='lat' dir='ltr'>crum</span> <span class='ocrx_word' id='word_1_64' title='bbox 144 717 237 766; x_wconf 86' lang='lat' dir='ltr'>Corsis:</span> <span class='ocrx_word' id='word_1_65' title='bbox 256 720 285 765; x_wconf 86' lang='lat' dir='ltr'>sd</span> <span class='ocrx_word' id='word_1_66' title='bbox 298 721 343 766; x_wconf 92' lang='lat' dir='ltr'>duo</span> <span class='ocrx_word' id='word_1_67' title='bbox 356 720 425 766; x_wconf 84' lang='lat' dir='ltr'>millia</span> <span class='ocrx_word' id='word_1_68' title='bbox 438 737 515 768; x_wconf 89' lang='lat' dir='ltr'>eorum</span> <span class='ocrx_word' id='word_1_69' title='bbox 526 721 563 767; x_wconf 88' lang='lat' dir='ltr'>M.</span> <span class='ocrx_word' id='word_1_70' title='bbox 575 720 676 767; x_wconf 84' lang='lat' dir='ltr'>Pinarius</span> <span class='ocrx_word' id='word_1_71' title='bbox 686 737 745 782; x_wconf 81' lang='lat' dir='ltr'>prae-</span> 
     </span>
     <span class='ocr_line' id='line_1_10' title="bbox 77 782 745 846; baseline 0.006 -18"><span class='ocrx_word' id='word_1_72' title='bbox 77 789 116 828; x_wconf 81' lang='lat' dir='ltr'>tor</span> <span class='ocrx_word' id='word_1_73' title='bbox 129 783 156 828; x_wconf 88' lang='lat' dir='ltr'>in</span> <span class='ocrx_word' id='word_1_74' title='bbox 169 783 218 829; x_wconf 81' lang='lat' dir='ltr'>acie</span> <span class='ocrx_word' id='word_1_75' title='bbox 229 784 309 829; x_wconf 87' lang='lat' dir='ltr'>occidit</span> <span class='ocrx_word' id='word_1_76' title='bbox 315 801 323 841; x_wconf 91' lang='lat'>;</span> <span class='ocrx_word' id='word_1_77' title='bbox 340 782 384 845; x_wconf 73' lang='lat' dir='ltr'>qui</span> <span class='ocrx_word' id='word_1_78' title='bbox 394 785 456 831; x_wconf 77' lang='lat' dir='ltr'>clade</span> <span class='ocrx_word' id='word_1_79' title='bbox 466 785 573 846; x_wconf 87' lang='lat' dir='ltr'>compulsi</span> <span class='ocrx_word' id='word_1_80' title='bbox 584 786 669 832; x_wconf 87' lang='lat' dir='ltr'>obsides</span> <span class='ocrx_word' id='word_1_81' title='bbox 680 785 745 832; x_wconf 80' lang='lat' dir='ltr'>dede·</span> 
     </span>
     <span class='ocr_line' id='line_1_11' title="bbox 71 849 745 910; baseline 0.006 -18"><span class='ocrx_word' id='word_1_82' title='bbox 71 853 140 900; x_wconf 84' lang='lat' dir='ltr'>sunt,</span> <span class='ocrx_word' id='word_1_83' title='bbox 156 854 179 893; x_wconf 81' lang='lat' dir='ltr'>et</span> <span class='ocrx_word' id='word_1_84' title='bbox 190 861 249 893; x_wconf 83' lang='lat' dir='ltr'>ocrae</span> <span class='ocrx_word' id='word_1_85' title='bbox 258 856 349 894; x_wconf 88' lang='lat' dir='ltr'>centum</span> <span class='ocrx_word' id='word_1_86' title='bbox 361 849 430 894; x_wconf 89' lang='lat' dir='ltr'>millia</span> <span class='ocrx_word' id='word_1_87' title='bbox 443 850 525 910; x_wconf 89' lang='lat' dir='ltr'>pondo.</span> <span class='ocrx_word' id='word_1_88' title='bbox 561 849 617 896; x_wconf 82' lang='lat' dir='ltr'>Inde</span> <span class='ocrx_word' id='word_1_89' title='bbox 631 851 654 896; x_wconf 91' lang='lat' dir='ltr'>in</span> <span class='ocrx_word' id='word_1_90' title='bbox 670 850 745 896; x_wconf 84' lang='lat' dir='ltr'>Sardi-</span> 
     </span>
     <span class='ocr_line' id='line_1_12' title="bbox 77 910 745 975; baseline 0.004 -19"><span class='ocrx_word' id='word_1_91' title='bbox 77 910 140 956; x_wconf 85' lang='lat' dir='ltr'>niam</span> <span class='ocrx_word' id='word_1_92' title='bbox 155 912 268 958; x_wconf 84' lang='lat' dir='ltr'>exercitus</span> <span class='ocrx_word' id='word_1_93' title='bbox 282 912 368 966; x_wconf 81' lang='lat' dir='ltr'>ductus,</span> <span class='ocrx_word' id='word_1_94' title='bbox 386 920 409 959; x_wconf 87' lang='lat' dir='ltr'>et</span> <span class='ocrx_word' id='word_1_95' title='bbox 423 929 474 960; x_wconf 89' lang='lat' dir='ltr'>cum</span> <span class='ocrx_word' id='word_1_96' title='bbox 491 913 615 968; x_wconf 80' lang='lat' dir='ltr'>Iliensibus,</span> <span class='ocrx_word' id='word_1_97' title='bbox 632 921 700 975; x_wconf 81' lang='lat' dir='ltr'>gente</span> <span class='ocrx_word' id='word_1_98' title='bbox 716 929 745 959; x_wconf 90' lang='lat' dir='ltr'>ne</span> 
     </span>
     <span class='ocr_line' id='line_1_13' title="bbox 77 976 742 1040; baseline 0.006 -19"><span class='ocrx_word' id='word_1_99' title='bbox 77 989 140 1022; x_wconf 75' lang='lat' dir='ltr'>nime</span> <span class='ocrx_word' id='word_1_100' title='bbox 150 976 240 1035; x_wconf 86' lang='lat' dir='ltr'>quidem</span> <span class='ocrx_word' id='word_1_101' title='bbox 251 978 313 1022; x_wconf 86' lang='lat' dir='ltr'>omni</span> <span class='ocrx_word' id='word_1_102' title='bbox 322 983 385 1038; x_wconf 77' lang='lat' dir='ltr'>parte</span> <span class='ocrx_word' id='word_1_103' title='bbox 394 977 478 1038; x_wconf 75' lang='lat' dir='ltr'>pacati,</span> <span class='ocrx_word' id='word_1_104' title='bbox 490 979 586 1025; x_wconf 87' lang='lat' dir='ltr'>secunda</span> <span class='ocrx_word' id='word_1_105' title='bbox 593 978 670 1040; x_wconf 83' lang='lat' dir='ltr'>proelia</span> <span class='ocrx_word' id='word_1_106' title='bbox 677 977 742 1024; x_wconf 82' lang='lat' dir='ltr'>facts.</span> 
     </span>
     <span class='ocr_line' id='line_1_14' title="bbox 76 1035 772 1100; baseline 0.004 -14"><span class='ocrx_word' id='word_1_107' title='bbox 76 1035 304 1100; x_wconf 67' lang='lat' dir='ltr'>Carthaginiensibus</span> <span class='ocrx_word' id='word_1_108' title='bbox 318 1041 396 1087; x_wconf 85' lang='lat' dir='ltr'>eodem</span> <span class='ocrx_word' id='word_1_109' title='bbox 412 1057 471 1088; x_wconf 85' lang='lat' dir='ltr'>auno</span> <span class='ocrx_word' id='word_1_110' title='bbox 488 1050 577 1089; x_wconf 86' lang='lat' dir='ltr'>centum</span> <span class='ocrx_word' id='word_1_111' title='bbox 593 1043 679 1088; x_wconf 85' lang='lat' dir='ltr'>obsides</span> <span class='ocrx_word' id='word_1_112' title='bbox 696 1043 745 1088; x_wconf 90' lang='lat' dir='ltr'>red·</span> <span class='ocrx_word' id='word_1_113' title='bbox 771 1059 772 1068; x_wconf 57' lang='lat'>¹</span> 
     </span>
     <span class='ocr_line' id='line_1_15' title="bbox 76 1102 746 1167; baseline 0.003 -17"><span class='ocrx_word' id='word_1_114' title='bbox 76 1102 135 1160; x_wconf 82' lang='lat' dir='ltr'>diti;</span> <span class='ocrx_word' id='word_1_115' title='bbox 151 1119 273 1165; x_wconf 72' lang='lat' dir='ltr'>pacemque</span> <span class='ocrx_word' id='word_1_116' title='bbox 283 1121 335 1151; x_wconf 91' lang='lat' dir='ltr'>cum</span> <span class='ocrx_word' id='word_1_117' title='bbox 345 1106 373 1151; x_wconf 88' lang='lat' dir='ltr'>iis</span> <span class='ocrx_word' id='word_1_118' title='bbox 382 1107 477 1167; x_wconf 88' lang='lat' dir='ltr'>populus</span> <span class='ocrx_word' id='word_1_119' title='bbox 487 1105 611 1160; x_wconf 86' lang='lat' dir='ltr'>Romanus,</span> <span class='ocrx_word' id='word_1_120' title='bbox 627 1121 672 1152; x_wconf 91' lang='lat' dir='ltr'>non</span> <span class='ocrx_word' id='word_1_121' title='bbox 684 1107 711 1152; x_wconf 90' lang='lat' dir='ltr'>ab</span> <span class='ocrx_word' id='word_1_122' title='bbox 721 1121 746 1152; x_wconf 90' lang='lat' dir='ltr'>se</span> 
     </span>
     <span class='ocr_line' id='line_1_16' title="bbox 78 1167 746 1232; baseline 0 -18"><span class='ocrx_word' id='word_1_123' title='bbox 78 1174 176 1221; x_wconf 71' lang='lat' dir='ltr'>murm,</span> <span class='ocrx_word' id='word_1_124' title='bbox 194 1170 234 1215; x_wconf 89' lang='lat' dir='ltr'>sed</span> <span class='ocrx_word' id='word_1_125' title='bbox 243 1171 271 1216; x_wconf 91' lang='lat' dir='ltr'>ab</span> <span class='ocrx_word' id='word_1_126' title='bbox 281 1184 335 1231; x_wconf 82' lang='lat' dir='ltr'>rege</span> <span class='ocrx_word' id='word_1_127' title='bbox 345 1170 412 1216; x_wconf 83' lang='lat' dir='ltr'>etiam</span> <span class='ocrx_word' id='word_1_128' title='bbox 427 1167 555 1224; x_wconf 62' lang='lat' dir='ltr'>Masinissa,</span> <span class='ocrx_word' id='word_1_129' title='bbox 572 1171 689 1232; x_wconf 81' lang='lat' dir='ltr'>praestitit3</span> <span class='ocrx_word' id='word_1_130' title='bbox 708 1171 746 1230; x_wconf 90' lang='lat' dir='ltr'>qui</span> 
     </span>
     <span class='ocr_line' id='line_1_17' title="bbox 77 1232 744 1344; baseline 0.003 -66"><span class='ocrx_word' id='word_1_131' title='bbox 77 1233 245 1344; x_wconf 53' lang='lat' dir='ltr'>mdo</span> <span class='ocrx_word' id='word_1_132' title='bbox 254 1241 342 1280; x_wconf 88' lang='lat' dir='ltr'>armsto</span> <span class='ocrx_word' id='word_1_133' title='bbox 349 1249 435 1295; x_wconf 75' lang='lat' dir='ltr'>ugrum,</span> <span class='ocrx_word' id='word_1_134' title='bbox 447 1235 519 1295; x_wconf 89' lang='lat' dir='ltr'>quiin</span> <span class='ocrx_word' id='word_1_135' title='bbox 530 1232 680 1282; x_wconf 74' lang='lat' dir='ltr'>controversis</span> <span class='ocrx_word' id='word_1_136' title='bbox 690 1241 744 1286; x_wconf 79' lang='lat' dir='ltr'>erat,</span> 
     </span>
     <span class='ocr_line' id='line_1_18' title="bbox 118 1297 490 1350; baseline 0.003 -43"><span class='ocrx_word' id='word_1_137' title='bbox 118 1297 124 1307; x_wconf 93' lang='lat'>.</span> <span class='ocrx_word' id='word_1_138' title='bbox 183 1304 202 1342; x_wconf 42' lang='lat' dir='ltr'>t.</span> <span class='ocrx_word' id='word_1_139' title='bbox 488 1340 490 1350; x_wconf 41' lang='grc' dir='ltr'>Ι</span> 
     </span>
     <span class='ocr_line' id='line_1_19' title="bbox 110 1359 743 1424; baseline 0 -18"><span class='ocrx_word' id='word_1_140' title='bbox 110 1359 224 1406; x_wconf 86' lang='lat' dir='ltr'>XXXV.</span> <span class='ocrx_word' id='word_1_141' title='bbox 243 1360 345 1408; x_wconf 85' lang='lat' dir='ltr'>Otiosam</span> <span class='ocrx_word' id='word_1_142' title='bbox 354 1363 490 1424; x_wconf 81' lang='lat' dir='ltr'>provinciam</span> <span class='ocrx_word' id='word_1_143' title='bbox 502 1362 605 1408; x_wconf 86' lang='lat' dir='ltr'>consules</span> <span class='ocrx_word' id='word_1_144' title='bbox 614 1362 743 1407; x_wconf 85' lang='lat' dir='ltr'>habuerunt.</span> 
     </span>
     <span class='ocr_line' id='line_1_20' title="bbox 76 1422 743 1480; baseline -0.003 -8"><span class='ocrx_word' id='word_1_145' title='bbox 76 1422 118 1472; x_wconf 83' lang='lat' dir='ltr'>M.</span> <span class='ocrx_word' id='word_1_146' title='bbox 134 1424 236 1480; x_wconf 77' lang='lat' dir='ltr'>Baebius,</span> <span class='ocrx_word' id='word_1_147' title='bbox 258 1427 398 1472; x_wconf 88' lang='lat' dir='ltr'>comitiorum</span> <span class='ocrx_word' id='word_1_148' title='bbox 420 1424 487 1472; x_wconf 77' lang='lat' dir='ltr'>causi</span> <span class='ocrx_word' id='word_1_149' title='bbox 505 1426 603 1471; x_wconf 83' lang='lat' dir='ltr'><strong>Romam</strong></span> <span class='ocrx_word' id='word_1_150' title='bbox 621 1431 743 1479; x_wconf 77' lang='lat' dir='ltr'>revocatus,</span> 
     </span>
     <span class='ocr_line' id='line_1_21' title="bbox 78 1488 747 1540; baseline 0.001 -4"><span class='ocrx_word' id='word_1_151' title='bbox 78 1491 186 1540; x_wconf 77' lang='lat' dir='ltr'>consules</span> <span class='ocrx_word' id='word_1_152' title='bbox 198 1491 289 1538; x_wconf 73' lang='lat' dir='ltr'>cressit,</span> <span class='ocrx_word' id='word_1_153' title='bbox 296 1493 326 1538; x_wconf 86' lang='lat' dir='ltr'>A.</span> <span class='ocrx_word' id='word_1_154' title='bbox 338 1491 480 1537; x_wconf 89' lang='lat' dir='ltr'>Postumium</span> <span class='ocrx_word' id='word_1_155' title='bbox 494 1490 602 1536; x_wconf 91' lang='lat' dir='ltr'>Albinum</span> <span class='ocrx_word' id='word_1_156' title='bbox 613 1488 713 1536; x_wconf 80' lang='lat' dir='ltr'>Luscum</span> <span class='ocrx_word' id='word_1_157' title='bbox 724 1497 747 1537; x_wconf 86' lang='lat' dir='ltr'>et</span> 
     </span>
    </p>
   </div>
   <div class='ocr_carea' id='block_1_3' title="bbox 68 1530 747 1738">
    <p class='ocr_par' dir='ltr' id='par_1_3' title="bbox 68 1530 747 1738">
     <span class='ocr_line' id='line_1_22' title="bbox 72 1530 743 1616; baseline -0.003 -15"><span class='ocrx_word' id='word_1_158' title='bbox 72 1530 110 1601; x_wconf 31' lang='lat'>⁸0.</span> <span class='ocrx_word' id='word_1_159' title='bbox 122 1552 270 1616; x_wconf 81' lang='lat' dir='ltr'>Calpurnium</span> <span class='ocrx_word' id='word_1_160' title='bbox 280 1554 395 1602; x_wconf 86' lang='lat' dir='ltr'>Pisonem.</span> <span class='ocrx_word' id='word_1_161' title='bbox 430 1553 543 1601; x_wconf 85' lang='lat' dir='ltr'>Praetores</span> <span class='ocrx_word' id='word_1_162' title='bbox 553 1554 633 1600; x_wconf 86' lang='lat' dir='ltr'>exinde</span> <span class='ocrx_word' id='word_1_163' title='bbox 642 1553 694 1601; x_wconf 81' lang='lat' dir='ltr'>iacti</span> <span class='ocrx_word' id='word_1_164' title='bbox 707 1552 743 1599; x_wconf 88' lang='lat' dir='ltr'>Ti.</span> 
     </span>
     <span class='ocr_line' id='line_1_23' title="bbox 68 1616 747 1680; baseline 0 -15"><span class='ocrx_word' id='word_1_165' title='bbox 68 1618 227 1680; x_wconf 66' lang='lat' dir='ltr'>sempronius</span> <span class='ocrx_word' id='word_1_166' title='bbox 235 1620 357 1675; x_wconf 76' lang='lat' dir='ltr'>Gracchus,</span> <span class='ocrx_word' id='word_1_167' title='bbox 367 1619 396 1665; x_wconf 92' lang='lat' dir='ltr'>L.</span> <span class='ocrx_word' id='word_1_168' title='bbox 403 1618 534 1666; x_wconf 75' lang='lat' dir='ltr'>Postumius</span> <span class='ocrx_word' id='word_1_169' title='bbox 540 1619 642 1673; x_wconf 82' lang='lat' dir='ltr'>Albinus,</span> <span class='ocrx_word' id='word_1_170' title='bbox 653 1618 680 1665; x_wconf 89' lang='lat' dir='ltr'>P.</span> <span class='ocrx_word' id='word_1_171' title='bbox 688 1616 747 1665; x_wconf 87' lang='lat' dir='ltr'>Cor-</span> 
     </span>
     <span class='ocr_line' id='line_1_24' title="bbox 78 1682 745 1738; baseline 0 -9"><span class='ocrx_word' id='word_1_172' title='bbox 78 1683 154 1729; x_wconf 83' lang='lat' dir='ltr'>nelius</span> <span class='ocrx_word' id='word_1_173' title='bbox 164 1682 297 1738; x_wconf 81' lang='lat' dir='ltr'>Mammula,</span> <span class='ocrx_word' id='word_1_174' title='bbox 310 1684 348 1730; x_wconf 84' lang='lat' dir='ltr'>Tr.</span> <span class='ocrx_word' id='word_1_175' title='bbox 359 1684 475 1731; x_wconf 87' lang='lat' dir='ltr'>Minucius</span> <span class='ocrx_word' id='word_1_176' title='bbox 485 1682 623 1737; x_wconf 84' lang='lat' dir='ltr'>Molliculus,</span> <span class='ocrx_word' id='word_1_177' title='bbox 639 1684 670 1730; x_wconf 89' lang='lat' dir='ltr'>A.</span> <span class='ocrx_word' id='word_1_178' title='bbox 682 1682 745 1729; x_wconf 90' lang='lat' dir='ltr'>Hos-</span> 
     </span>
    </p>
   </div>
   <div class='ocr_carea' id='block_1_4' title="bbox 74 1746 748 2453">
    <p class='ocr_par' dir='ltr' id='par_1_4' title="bbox 74 1746 748 2453">
     <span class='ocr_line' id='line_1_25' title="bbox 78 1746 745 1810; baseline 0.001 -17"><span class='ocrx_word' id='word_1_179' title='bbox 78 1747 143 1793; x_wconf 85' lang='lat' dir='ltr'>tilius</span> <span class='ocrx_word' id='word_1_180' title='bbox 153 1746 282 1802; x_wconf 82' lang='lat' dir='ltr'>Mancinus,</span> <span class='ocrx_word' id='word_1_181' title='bbox 295 1746 325 1795; x_wconf 87' lang='lat' dir='ltr'>C.</span> <span class='ocrx_word' id='word_1_182' title='bbox 335 1748 441 1795; x_wconf 84' lang='lat' dir='ltr'>Maenius.</span> <span class='ocrx_word' id='word_1_183' title='bbox 473 1748 493 1794; x_wconf 91' lang='lat' dir='ltr'>Ii</span> <span class='ocrx_word' id='word_1_184' title='bbox 504 1763 581 1795; x_wconf 90' lang='lat' dir='ltr'>omnes</span> <span class='ocrx_word' id='word_1_185' title='bbox 592 1748 745 1810; x_wconf 87' lang='lat' dir='ltr'>magistratum</span> 
     </span>
     <span class='ocr_line' id='line_1_26' title="bbox 77 1811 742 1875; baseline -0.002 -17"><span class='ocrx_word' id='word_1_186' title='bbox 77 1811 153 1858; x_wconf 85' lang='lat' dir='ltr'>idibus</span> <span class='ocrx_word' id='word_1_187' title='bbox 164 1811 255 1859; x_wconf 84' lang='lat' dir='ltr'>Msrtiis</span> <span class='ocrx_word' id='word_1_188' title='bbox 264 1812 367 1859; x_wconf 83' lang='lat' dir='ltr'>inierunt.</span> <span class='ocrx_word' id='word_1_189' title='bbox 397 1811 510 1873; x_wconf 89' lang='lat' dir='ltr'>Principio</span> <span class='ocrx_word' id='word_1_190' title='bbox 521 1814 568 1875; x_wconf 85' lang='lat' dir='ltr'>ejus</span> <span class='ocrx_word' id='word_1_191' title='bbox 581 1813 639 1867; x_wconf 86' lang='lat' dir='ltr'>anni,</span> <span class='ocrx_word' id='word_1_192' title='bbox 657 1828 701 1873; x_wconf 92' lang='lat' dir='ltr'>quo</span> <span class='ocrx_word' id='word_1_193' title='bbox 712 1813 742 1859; x_wconf 89' lang='lat' dir='ltr'>A.</span> 
     </span>
     <span class='ocr_line' id='line_1_27' title="bbox 79 1874 746 1938; baseline 0.003 -17"><span class='ocrx_word' id='word_1_194' title='bbox 79 1874 215 1922; x_wconf 82' lang='lat' dir='ltr'>Postumius</span> <span class='ocrx_word' id='word_1_195' title='bbox 230 1877 326 1923; x_wconf 84' lang='lat' dir='ltr'>Albinus</span> <span class='ocrx_word' id='word_1_196' title='bbox 341 1884 365 1923; x_wconf 84' lang='lat' dir='ltr'>et</span> <span class='ocrx_word' id='word_1_197' title='bbox 381 1876 410 1925; x_wconf 79' lang='lat' dir='ltr'>C·</span> <span class='ocrx_word' id='word_1_198' title='bbox 423 1875 557 1938; x_wconf 76' lang='lat' dir='ltr'>Calpurnius</span> <span class='ocrx_word' id='word_1_199' title='bbox 573 1876 627 1924; x_wconf 88' lang='lat' dir='ltr'>Piso</span> <span class='ocrx_word' id='word_1_200' title='bbox 643 1877 746 1923; x_wconf 86' lang='lat' dir='ltr'>consules</span> 
     </span>
     <span class='ocr_line' id='line_1_28' title="bbox 77 1938 747 1992; baseline 0.001 -7"><span class='ocrx_word' id='word_1_201' title='bbox 77 1938 178 1992; x_wconf 75' lang='lat' dir='ltr'>fuerumt,</span> <span class='ocrx_word' id='word_1_202' title='bbox 196 1942 224 1987; x_wconf 89' lang='lat' dir='ltr'>ab</span> <span class='ocrx_word' id='word_1_203' title='bbox 239 1941 271 1986; x_wconf 88' lang='lat' dir='ltr'>A.</span> <span class='ocrx_word' id='word_1_204' title='bbox 284 1940 401 1987; x_wconf 90' lang='lat' dir='ltr'>Postumio</span> <span class='ocrx_word' id='word_1_205' title='bbox 417 1943 508 1988; x_wconf 86' lang='lat' dir='ltr'>consule</span> <span class='ocrx_word' id='word_1_206' title='bbox 523 1942 546 1986; x_wconf 91' lang='lat' dir='ltr'>in</span> <span class='ocrx_word' id='word_1_207' title='bbox 561 1944 661 1992; x_wconf 71' lang='lat' dir='ltr'>leuatum</span> <span class='ocrx_word' id='word_1_208' title='bbox 676 1942 747 1986; x_wconf 89' lang='lat' dir='ltr'>intro-</span> 
     </span>
     <span class='ocr_line' id='line_1_29' title="bbox 77 2003 746 2067; baseline -0.001 -17"><span class='ocrx_word' id='word_1_209' title='bbox 77 2004 150 2058; x_wconf 83' lang='lat' dir='ltr'>ducti,</span> <span class='ocrx_word' id='word_1_210' title='bbox 162 2004 201 2065; x_wconf 89' lang='lat' dir='ltr'>qui</span> <span class='ocrx_word' id='word_1_211' title='bbox 211 2020 240 2051; x_wconf 83' lang='lat' dir='ltr'>ex</span> <span class='ocrx_word' id='word_1_212' title='bbox 252 2003 362 2067; x_wconf 72' lang='lat' dir='ltr'>Hispaniis</span> <span class='ocrx_word' id='word_1_213' title='bbox 372 2005 473 2052; x_wconf 87' lang='lat' dir='ltr'>citeriore</span> <span class='ocrx_word' id='word_1_214' title='bbox 483 2014 589 2052; x_wconf 82' lang='lat' dir='ltr'>venerant</span> <span class='ocrx_word' id='word_1_215' title='bbox 599 2022 612 2052; x_wconf 84' lang='lat' dir='ltr'>a</span> <span class='ocrx_word' id='word_1_216' title='bbox 624 2005 655 2059; x_wconf 71' lang='lat' dir='ltr'>Q.</span> <span class='ocrx_word' id='word_1_217' title='bbox 665 2004 746 2050; x_wconf 88' lang='lat' dir='ltr'>Fulvio</span> 
     </span>
     <span class='ocr_line' id='line_1_30' title="bbox 79 2067 745 2131; baseline -0.009 -14"><span class='ocrx_word' id='word_1_218' title='bbox 79 2067 172 2121; x_wconf 81' lang='lat' dir='ltr'>Flacco,</span> <span class='ocrx_word' id='word_1_219' title='bbox 186 2067 216 2118; x_wconf 83' lang='lat' dir='ltr'>L·</span> <span class='ocrx_word' id='word_1_220' title='bbox 227 2069 344 2116; x_wconf 90' lang='lat' dir='ltr'>Minucius</span> <span class='ocrx_word' id='word_1_221' title='bbox 353 2070 447 2131; x_wconf 81' lang='lat' dir='ltr'>legatus,</span> <span class='ocrx_word' id='word_1_222' title='bbox 464 2078 487 2117; x_wconf 87' lang='lat' dir='ltr'>et</span> <span class='ocrx_word' id='word_1_223' title='bbox 497 2070 541 2116; x_wconf 91' lang='lat' dir='ltr'>duo</span> <span class='ocrx_word' id='word_1_224' title='bbox 552 2069 632 2115; x_wconf 90' lang='lat' dir='ltr'>tribuni</span> <span class='ocrx_word' id='word_1_225' title='bbox 643 2068 745 2120; x_wconf 89' lang='lat' dir='ltr'>militum,</span> 
     </span>
     <span class='ocr_line' id='line_1_31' title="bbox 78 2130 746 2183; baseline -0.013 0"><span class='ocrx_word' id='word_1_226' title='bbox 78 2131 110 2183; x_wconf 82' lang='lat' dir='ltr'>T·</span> <span class='ocrx_word' id='word_1_227' title='bbox 124 2132 227 2181; x_wconf 77' lang='lat' dir='ltr'>Maeniua</span> <span class='ocrx_word' id='word_1_228' title='bbox 245 2141 269 2179; x_wconf 80' lang='lat' dir='ltr'>et</span> <span class='ocrx_word' id='word_1_229' title='bbox 287 2132 316 2179; x_wconf 88' lang='lat' dir='ltr'>L.</span> <span class='ocrx_word' id='word_1_230' title='bbox 329 2132 449 2180; x_wconf 80' lang='lat' dir='ltr'>Terentius</span> <span class='ocrx_word' id='word_1_231' title='bbox 465 2134 597 2180; x_wconf 83' lang='lat' dir='ltr'>Massiliota.</span> <span class='ocrx_word' id='word_1_232' title='bbox 632 2130 673 2183; x_wconf 89' lang='lat' dir='ltr'>Hi,</span> <span class='ocrx_word' id='word_1_233' title='bbox 695 2146 746 2175; x_wconf 90' lang='lat' dir='ltr'>oum</span> 
     </span>
     <span class='ocr_line' id='line_1_32' title="bbox 74 2193 746 2259; baseline -0.009 -15"><span class='ocrx_word' id='word_1_234' title='bbox 74 2198 125 2245; x_wconf 82' lang='lat' dir='ltr'>duo</span> <span class='ocrx_word' id='word_1_235' title='bbox 133 2198 323 2259; x_wconf 76' lang='lat' dir='ltr'>necundaproelia,</span> <span class='ocrx_word' id='word_1_236' title='bbox 335 2198 468 2245; x_wconf 80' lang='lat' dir='ltr'>deditionem</span> <span class='ocrx_word' id='word_1_237' title='bbox 478 2196 610 2248; x_wconf 78' lang='lat' dir='ltr'>Celtiberioe,</span> <span class='ocrx_word' id='word_1_238' title='bbox 623 2193 746 2241; x_wconf 80' lang='lat' dir='ltr'>confectam</span> 
     </span>
     <span class='ocr_line' id='line_1_33' title="bbox 77 2258 748 2323; baseline -0.01 -14"><span class='ocrx_word' id='word_1_239' title='bbox 77 2262 219 2323; x_wconf 82' lang='lat' dir='ltr'>provinciam</span> <span class='ocrx_word' id='word_1_240' title='bbox 229 2260 375 2316; x_wconf 64' lang='lat' dir='ltr'>nuntiassem,</span> <span class='ocrx_word' id='word_1_241' title='bbox 387 2277 429 2309; x_wconf 84' lang='lat' dir='ltr'>nee</span> <span class='ocrx_word' id='word_1_242' title='bbox 439 2262 555 2323; x_wconf 86' lang='lat' dir='ltr'>stipendio,</span> <span class='ocrx_word' id='word_1_243' title='bbox 571 2259 631 2320; x_wconf 92' lang='lat' dir='ltr'>quod</span> <span class='ocrx_word' id='word_1_244' title='bbox 641 2258 699 2304; x_wconf 90' lang='lat' dir='ltr'>mitti</span> <span class='ocrx_word' id='word_1_245' title='bbox 710 2272 748 2303; x_wconf 91' lang='lat' dir='ltr'>so-</span> 
     </span>
     <span class='ocr_line' id='line_1_34' title="bbox 77 2322 746 2389; baseline -0.007 -17"><span class='ocrx_word' id='word_1_246' title='bbox 77 2326 144 2380; x_wconf 79' lang='lat' dir='ltr'>leret,</span> <span class='ocrx_word' id='word_1_247' title='bbox 166 2341 208 2373; x_wconf 83' lang='lat' dir='ltr'>nco</span> <span class='ocrx_word' id='word_1_248' title='bbox 228 2326 341 2378; x_wconf 73' lang='lat' dir='ltr'>frumento</span> <span class='ocrx_word' id='word_1_249' title='bbox 358 2334 447 2389; x_wconf 75' lang='lat' dir='ltr'>portato</span> <span class='ocrx_word' id='word_1_250' title='bbox 468 2326 496 2372; x_wconf 86' lang='lat' dir='ltr'>sd</span> <span class='ocrx_word' id='word_1_251' title='bbox 514 2324 634 2371; x_wconf 84' lang='lat' dir='ltr'>exercitum</span> <span class='ocrx_word' id='word_1_252' title='bbox 653 2322 677 2368; x_wconf 91' lang='lat' dir='ltr'>in</span> <span class='ocrx_word' id='word_1_253' title='bbox 696 2336 746 2371; x_wconf 87' lang='lat' dir='ltr'>eum</span> 
     </span>
     <span class='ocr_line' id='line_1_35' title="bbox 78 2388 746 2453; baseline -0.007 -17"><span class='ocrx_word' id='word_1_254' title='bbox 78 2405 166 2437; x_wconf 72' lang='lat' dir='ltr'>annium</span> <span class='ocrx_word' id='word_1_255' title='bbox 177 2406 233 2452; x_wconf 91' lang='lat' dir='ltr'>opus</span> <span class='ocrx_word' id='word_1_256' title='bbox 246 2406 301 2444; x_wconf 85' lang='lat' dir='ltr'>csse,</span> <span class='ocrx_word' id='word_1_257' title='bbox 318 2392 429 2453; x_wconf 87' lang='lat' dir='ltr'>petierunt</span> <span class='ocrx_word' id='word_1_258' title='bbox 443 2391 558 2438; x_wconf 82' lang='lat' dir='ltr'>sb‘seustu</span> <span class='ocrx_word' id='word_1_259' title='bbox 568 2388 671 2449; x_wconf 87' lang='lat' dir='ltr'>primum,</span> <span class='ocrx_word' id='word_1_260' title='bbox 690 2393 705 2415; x_wconf 85' lang='grc'>“</span> <span class='ocrx_word' id='word_1_261' title='bbox 714 2393 746 2439; x_wconf 89' lang='lat' dir='ltr'>ut,</span> 
     </span>
    </p>
   </div>
   <div class='ocr_carea' id='block_1_5' title="bbox 78 2452 837 2517">
    <p class='ocr_par' dir='ltr' id='par_1_5' title="bbox 78 2452 837 2517">
     <span class='ocr_line' id='line_1_36' title="bbox 78 2452 837 2517; baseline -0.007 -16"><span class='ocrx_word' id='word_1_262' title='bbox 78 2455 109 2501; x_wconf 87' lang='lat' dir='ltr'>ob</span> <span class='ocrx_word' id='word_1_263' title='bbox 118 2470 158 2503; x_wconf 84' lang='lat' dir='ltr'>res</span> <span class='ocrx_word' id='word_1_264' title='bbox 167 2470 273 2517; x_wconf 83' lang='lat' dir='ltr'>prospere</span> <span class='ocrx_word' id='word_1_265' title='bbox 279 2463 361 2517; x_wconf 66' lang='lat' dir='ltr'>gmina,</span> <span class='ocrx_word' id='word_1_266' title='bbox 368 2454 421 2501; x_wconf 88' lang='lat' dir='ltr'>Diis</span> <span class='ocrx_word' id='word_1_267' title='bbox 430 2453 590 2500; x_wconf 82' lang='lat' dir='ltr'>immortalibus</span> <span class='ocrx_word' id='word_1_268' title='bbox 600 2453 670 2498; x_wconf 86' lang='lat' dir='ltr'>bonos</span> <span class='ocrx_word' id='word_1_269' title='bbox 681 2452 747 2497; x_wconf 78' lang='lat' dir='ltr'>habe·</span> <span class='ocrx_word' id='word_1_270' title='bbox 835 2491 837 2505; x_wconf 83' lang='grc'>,</span> 
     </span>
    </p>
   </div>
   <div class='ocr_carea' id='block_1_6' title="bbox 68 2512 749 2716">
    <p class='ocr_par' dir='ltr' id='par_1_6' title="bbox 68 2512 749 2716">
     <span class='ocr_line' id='line_1_37' title="bbox 78 2512 747 2579; baseline -0.007 -14"><span class='ocrx_word' id='word_1_271' title='bbox 78 2525 156 2565; x_wconf 75' lang='lat' dir='ltr'>rebus</span> <span class='ocrx_word' id='word_1_272' title='bbox 177 2519 264 2572; x_wconf 81' lang='lat' dir='ltr'>deiude,</span> <span class='ocrx_word' id='word_1_273' title='bbox 282 2528 308 2566; x_wconf 92' lang='lat' dir='ltr'>ut</span> <span class='ocrx_word' id='word_1_274' title='bbox 323 2519 356 2573; x_wconf 68' lang='lat' dir='ltr'>Q„</span> <span class='ocrx_word' id='word_1_275' title='bbox 366 2519 450 2567; x_wconf 83' lang='lat' dir='ltr'>Fulvio</span> <span class='ocrx_word' id='word_1_276' title='bbox 464 2517 578 2564; x_wconf 83' lang='lat' dir='ltr'>decedenti</span> <span class='ocrx_word' id='word_1_277' title='bbox 594 2517 621 2565; x_wconf 84' lang='lat' dir='ltr'>de</span> <span class='ocrx_word' id='word_1_278' title='bbox 634 2512 747 2579; x_wconf 74' lang='lat' dir='ltr'>provincii</span> 
     </span>
     <span class='ocr_line' id='line_1_38' title="bbox 74 2579 748 2646; baseline -0.013 -14"><span class='ocrx_word' id='word_1_279' title='bbox 74 2584 200 2646; x_wconf 68' lang='lat' dir='ltr'>deportem</span> <span class='ocrx_word' id='word_1_280' title='bbox 210 2584 261 2632; x_wconf 90' lang='lat' dir='ltr'>inde</span> <span class='ocrx_word' id='word_1_281' title='bbox 271 2586 401 2639; x_wconf 76' lang='lat' dir='ltr'>exercitum,</span> <span class='ocrx_word' id='word_1_282' title='bbox 416 2584 482 2645; x_wconf 85' lang='lat' dir='ltr'>cujus</span> <span class='ocrx_word' id='word_1_283' title='bbox 494 2581 547 2629; x_wconf 81' lang='lat' dir='ltr'>lorti</span> <span class='ocrx_word' id='word_1_284' title='bbox 558 2579 625 2644; x_wconf 79' lang='lat' dir='ltr'>operi</span> <span class='ocrx_word' id='word_1_285' title='bbox 635 2588 657 2627; x_wconf 87' lang='lat' dir='ltr'>et</span> <span class='ocrx_word' id='word_1_286' title='bbox 667 2582 714 2643; x_wconf 88' lang='lat' dir='ltr'>ipse</span> <span class='ocrx_word' id='word_1_287' title='bbox 725 2586 748 2625; x_wconf 92' lang='lat' dir='ltr'>et</span> 
     </span>
     <span class='ocr_line' id='line_1_39' title="bbox 68 2642 749 2716; baseline -0.019 -15"><span class='ocrx_word' id='word_1_288' title='bbox 68 2648 149 2701; x_wconf 69' lang='lat' dir='ltr'>mlii</span> <span class='ocrx_word' id='word_1_289' title='bbox 163 2655 219 2699; x_wconf 75' lang='lat' dir='ltr'>aute</span> <span class='ocrx_word' id='word_1_290' title='bbox 233 2664 286 2700; x_wconf 67' lang='lat' dir='ltr'>orm</span> <span class='ocrx_word' id='word_1_291' title='bbox 300 2656 408 2716; x_wconf 69' lang='lat' dir='ltr'>pretores</span> <span class='ocrx_word' id='word_1_292' title='bbox 422 2648 458 2700; x_wconf 78' lang='lat' dir='ltr'>usi</span> <span class='ocrx_word' id='word_1_293' title='bbox 474 2654 556 2705; x_wconf 78' lang='lat' dir='ltr'>essent,</span> <span class='ocrx_word' id='word_1_294' title='bbox 574 2646 664 2695; x_wconf 81' lang='lat' dir='ltr'>liceret:</span> <span class='ocrx_word' id='word_1_295' title='bbox 689 2642 749 2707; x_wconf 88' lang='lat' dir='ltr'>quod</span> 
     </span>
    </p>
   </div>
   <div class='ocr_carea' id='block_1_7' title="bbox 0 0 904 2950">
    <p class='ocr_par' dir='ltr' id='par_1_7' title="bbox 0 0 904 2950">
     <span class='ocr_line' id='line_1_40' title="bbox 0 0 904 2950; baseline 0 0"><span class='ocrx_word' id='word_1_296' title='bbox 0 0 904 2950; x_wconf 95' lang='lat' dir='ltr'> </span> 
     </span>
    </p>
   </div>
  </div>
 </body>
</html>
