1792 2950
160 161 207 207 unc
289 152 319 200 r.
333 151 490 200 arvum
504 147 652 202 uniunt.
666 154 691 196 e·
882 123 883 212 i

88 339 93 347 ,
159 283 269 346 equitibus
276 282 377 329 ducentis
382 281 552 342 qunquaginta,
562 279 627 327 Pisas
637 276 825 334 utccnrcnirent,
882 271 883 330 l

161 349 258 396 ediceret
266 363 274 404 ς
290 360 383 406 musque
392 345 537 406 provinciam,
549 345 601 390 dum
612 344 691 390 consul
701 343 754 392 iude
762 345 827 390 abes-
882 347 883 406 l

160 420 202 467 aet,
212 418 334 458 nutaretur:
351 409 387 456 Μ.
401 409 500 456 Titinius
510 415 593 470 praetor
602 407 715 469 legionem
722 409 825 469 primam,
882 413 883 488 q

160 491 236 540 parem
246 484 364 520 munierum
375 474 487 530 sociorum
497 473 596 535 peditum
609 473 759 532 equitumque,
771 473 827 518 Ari-
882 491 883 528 i

160 541 254 590 minuma
263 539 383 586 convenire
394 539 490 600 juberet.
525 537 589 584 Nero
599 535 716 598 paludatm
727 535 792 584 Pisrs
802 537 827 584 in
882 537 883 603 i

160 600 298 668 provinciam
315 610 351 650 eat
364 602 486 664 prokctus.
520 601 625 654 Titinius,
645 599 674 648 C·
689 599 771 648 Cassio
787 601 828 648 tri·
882 605 883 664 i

161 670 222 716 bimo
232 668 328 715 militum
336 668 473 721 Ariminum,
485 666 523 727 qui
531 671 637 727 preesset
644 665 736 726 legioni,
749 666 826 719 misac,
882 665 883 714 i

161 733 272 780 deiectum
285 732 368 780 Rome
385 731 468 778 babuit.
503 729 539 776 M.
550 729 632 778 Junius
642 721 729 782 consul,
744 744 773 788 ex
784 729 827 776 Li-
882 717 883 804 l

161 799 255 860 guribus
266 797 291 843 in
305 796 442 859 provinciam
457 794 554 842 Gallium
565 800 725 856 transgressus,
740 794 828 842 auxiliis
882 805 883 846 i

161 863 264 924 protinus
276 877 317 922 per
333 860 434 906 civitates
452 859 534 906 Gallice
550 859 698 918 militibusque
715 855 826 922 [colorus]
882 849 883 904 l

161 925 282 988 imperatis,
302 923 428 984 Aquileiam
447 923 555 984 pervenit.
591 921 625 969 Ibi
646 922 728 972 certior
745 921 828 977 fuctus,

162 989 286 1037 exercitum
296 987 431 1033 incolumem
440 1002 498 1040 esse,
511 987 597 1049 scriptis
605 987 674 1034 literis
680 985 787 1042 Romam,
798 1003 830 1036 ne

162 1053 357 1104 tumultuarentur,
366 1051 421 1111 ipse,
432 1051 531 1098 remissis
539 1049 632 1106 nuuliis,
643 1065 695 1111 quae
704 1051 778 1098 Gallis
786 1051 830 1098 im-

162 1122 284 1179 peraverat,
296 1115 325 1162 ud
335 1115 444 1176 collegam
455 1123 490 1162 est
500 1115 620 1176 profectus.
653 1114 829 1178 Romemagna

161 1195 193 1229 ex
203 1180 334 1241 necopinato
344 1179 422 1226 letitia
431 1179 487 1226 fuit:
506 1180 604 1226 delectus
614 1179 710 1226 omissus
720 1187 768 1226 eat:
788 1174 831 1228 ex·¹

103 1280 105 1289 ,
162 1245 278 1299 auctorati,
290 1244 328 1305 qui
338 1251 477 1290 sacramento
487 1243 603 1301 dixerant3
620 1251 643 1290 et
653 1244 772 1298 amoinus,
790 1247 830 1305 qui

162 1310 260 1357 Arimini
280 1306 405 1370 pestilentiis
421 1307 513 1354 affectus
532 1313 585 1360 erat,
606 1307 697 1353 domurn
714 1308 828 1356 dimissus,

163 1374 226 1428 latri,
237 1374 326 1436 magula
340 1372 409 1434 copiis
425 1387 477 1418 cum
492 1379 563 1418 castra
573 1371 632 1418 haud
642 1373 721 1432 procul
730 1375 830 1422 consulit

162 1439 242 1487 castris
252 1440 363 1492 baberent,
375 1444 493 1499 postqum
501 1436 594 1483 alterum
603 1435 717 1483 consulem
728 1452 782 1483 cum
788 1452 829 1485 ex.

161 1506 234 1551 ercitu
244 1519 304 1550 novo
314 1502 430 1550 advenime
445 1502 568 1555 audierunt,
586 1500 667 1562 passim
682 1500 706 1545 in
726 1502 829 1551 civitatee

161 1568 241 1630 dilapsi
256 1575 322 1613 aunt:
342 1566 444 1613 ocnusles
455 1565 580 1627 Aquileiam
592 1566 615 1611 in
626 1564 716 1613 hiberna
726 1566 829 1629 lqionee

163 1633 307 1679 reduxerunt.

195 1694 241 1741 VI.
261 1694 343 1741 Sedato
353 1694 443 1741 tandem
456 1693 536 1742 Istrico
547 1694 651 1749 tumultu,
668 1694 830 1743 senatis-con-

162 1759 247 1805 sulmm
257 1756 340 1803 facturn
351 1764 393 1811 est,
405 1765 431 1803 ut
440 1759 544 1805 consules
555 1760 613 1805 inter
627 1774 652 1805 se
662 1769 827 1822 compararent,

162 1830 213 1869 uter
223 1836 300 1868 eorum
308 1821 337 1867 ad
344 1822 434 1867 comitia
440 1823 539 1869 habenda
547 1824 644 1871 Romam
651 1824 738 1870 rediret.
765 1824 828 1873 Cum

160 1888 276 1933 mutem
286 1885 399 1931 Manlium
409 1886 491 1934 tribuni
502 1888 578 1948 plebis,
591 1887 621 1933 Α.
632 1886 733 1934 Licinius
745 1888 827 1937 Nerva

161 1958 186 1997 ct
196 1948 225 1997 C.
238 1948 341 2010 Papirius
350 1948 448 2003 Turdus,
461 1950 485 1996 in
495 1952 637 1999 concionibus
646 1953 777 2007 lacerarent,
790 1970 828 2001 ro-

158 2014 319 2077 gationemque
339 2014 514 2076 promulgarent,
535 2031 563 2069 ne
581 2016 681 2063 Manlius
705 2024 758 2077 post
776 2019 828 2067 idus

157 2079 258 2127 Mutina
268 2079 406 2142 (prorogate
416 2094 511 2141 narnque
519 2080 695 2141 consulibusJ'am
707 2081 731 2127 in
740 2097 828 2131 anuum

160 2144 282 2207 provincie
292 2140 366 2202 erant)
377 2144 494 2205 imperium
505 2144 615 2198 retineret,
631 2145 663 2191 uti
678 2159 768 2193 causam
785 2163 827 2195 ex.

52 2220 59 2226 ’
161 2209 245 2271 templo
255 2207 335 2261 dicere,
350 2223 401 2253 cum
415 2209 496 2255 abisset
510 2210 648 2271 magistratu,
666 2217 756 2271 posset3
773 2214 828 2259 huic

158 2272 271 2335 rogationi
289 2271 322 2326 Q,
334 2271 410 2319 AElius
430 2273 519 2335 collega
534 2274 659 2321 intercessit
664 2290 672 2331 ς
692 2276 826 2339 magnisque

159 2337 339 2384 contentionibus
349 2337 450 2391 obtinuit,
462 2352 492 2385 ne
501 2335 640 2399 perferretur.
672 2336 717 2384 Per
726 2354 767 2387 eos
777 2342 826 2389 dies

156 2400 199 2447 Tr.
211 2402 355 2480 Senprcqrim
368 2402 485 2452 Gracchus
501 2409 525 2449 et
539 2401 568 2448 L.
583 2401 713 2463 Postumius
722 2394 827 2455 'Albinus

160 2464 827 2590 immundicitiam

159 2590 202 2662 (13¹⁸
212 2605 253 2642 Μ»
265 2607 320 2650 quus
330 2594 458 2652 gessissent,
474 2596 659 2656 postulandosque
670 2597 766 2644 honores
778 2615 828 2646 me·

155 2659 223 2725 patos,
235 2661 259 2707 ct
269 2662 294 2701 ut
305 2655 358 2703 Diis
369 2657 532 2709 immortalibus
542 2660 656 2709 haberetur
667 2660 747 2713 honos.
777 2662 828 2711 Ec-
