1792 2950
174 168 573 241 mmmmmm
676 176 708 221 m

47 299 130 346 Rome
139 307 208 354 tenet,
224 314 286 348 mors
296 302 374 349 deinde
383 302 480 355 alterius,
492 308 514 347 et
525 300 612 347 creandi
621 301 715 348 comitis

46 365 143 410 romulis
151 366 176 412 iu
188 366 261 411 locum
272 369 325 429 ejus,
338 367 412 412 omnia
422 367 517 415 tardiore
526 365 633 412 fecerunt.
669 363 709 410 In-

47 429 110 474 terim
127 427 155 474 P.
163 427 286 476 Cornelius
302 439 325 476 et
339 430 375 475 M.
388 431 487 482 Baebius,
504 430 578 490 quiin
593 429 709 476 consulatu

47 493 99 538 nihil
112 495 256 540 menorabile
269 502 390 556 gesserant,
408 495 432 540 in
442 495 551 555 Apuanos
562 493 659 555 Ligures
669 507 710 539 ex-

47 558 138 604 ercitum
149 558 292 604 induxerunt.
386 562 389 567 '

75 621 229 670 XXXVIII.
249 622 352 685 Ligures,
370 624 415 683 qui,
433 629 485 669 unte
495 623 614 668 adventum
624 623 647 667 in
658 637 711 683 pro-

46 687 142 732 vinciam
157 687 283 740 consulum,
295 703 340 733 nou
351 685 517 748 exspectirssent
526 688 615 740 bellum,
627 687 710 747 impro-

47 751 94 796 viso
101 752 210 811 oppressi,
222 750 250 796 sd
258 751 372 797 duodecim
383 751 452 796 mlllia
459 751 573 797 hominum
581 751 711 796 dediderunt

46 829 76 860 se.
110 814 168 867 Eos,
181 816 284 861 consulto
297 832 337 877 per
349 817 424 861 literas
434 816 495 876 prius
506 822 589 866 senatu,
603 815 711 860 deducere

46 893 75 922 ex
87 880 203 924 montibus
216 879 240 923 in
250 895 317 940 agros
327 886 461 940 campestres
471 880 548 940 procul
558 880 585 924 ab
596 878 669 930 domo,
681 893 711 924 ne

46 943 130 988 reditus
145 958 198 1004 spes
213 951 280 996 esset,
298 942 416 991 Cornelius
432 951 456 990 et
471 943 561 990 Baebius
578 950 709 994 statuerunt,

47 1007 132 1052 nullum
150 1007 219 1052 ulium
238 1015 291 1053 aute
307 1007 374 1054 finem
391 1008 432 1052 rati
450 1007 499 1054 fore
518 1007 631 1068 Ligustini
649 1007 707 1052 belli.

47 1071 111 1132 Ager
120 1071 222 1131 publicus
232 1071 307 1132 populi
318 1071 416 1117 Romani
427 1079 474 1118 erat
485 1073 507 1116 in
519 1072 660 1123 Samnitibus,
672 1071 710 1131 qui

46 1133 221 1180 Taurasinorum
237 1133 327 1196 [iirerst.
362 1135 391 1180 Iu
404 1151 456 1181 eum
468 1134 530 1199 cum]
542 1136 656 1180 traducere
671 1133 712 1179 Li-

46 1214 113 1259 gures
124 1199 236 1259 Apuanos
246 1199 336 1253 vellera
347 1200 470 1252 edixerunt,
483 1197 592 1261 [Ligures
600 1198 711 1252 abAnIdo

46 1262 170 1326 montibus]
181 1263 315 1310 descendere
324 1279 377 1310 cum
387 1265 460 1310 liberis
471 1263 656 1332 conjugibusque:
672 1276 711 1307 sua

45 1328 120 1373 omnia
133 1342 212 1373 secum
225 1335 346 1388 portarent.
381 1326 487 1389 figures,
504 1341 564 1386 saepe
575 1339 613 1386 per
623 1326 710 1386 legatos

46 1390 163 1451 depasti,
179 1406 209 1437 ue
224 1401 323 1453 penates,
342 1392 424 1444 sedem,
441 1391 466 1436 in
484 1389 528 1450 qui
544 1389 614 1450 geniti
629 1395 717 1441 essent,¹

45 1456 146 1516 sepulcra
158 1457 277 1519 msjorum,
291 1463 424 1519 cogerentur
440 1455 570 1515 relinquere,
588 1468 655 1507 arma,
672 1453 712 1499 ob-

45 1520 288 1583 sidespollicebuntur:
307 1529 423 1582 postquem
434 1520 489 1565 nihil
502 1519 655 1581 impetrabunt,
671 1530 711 1563 ne-

46 1600 89 1644 que
98 1585 158 1632 sires
168 1585 199 1631 ad
208 1585 333 1632 bellandum
344 1592 414 1638 erant,
426 1584 498 1629 edicto
508 1589 634 1644 punierunt.
653 1580 713 1628 Tra·

46 1648 106 1695 ducti
120 1656 174 1695 sumt
189 1650 276 1710 publico
290 1657 365 1696 sumtu
379 1649 407 1695 ad
420 1648 565 1709 quadraginta
579 1647 647 1693 millia
657 1646 711 1692 libe·

46 1728 121 1759 rorum
136 1713 241 1775 capitum,
257 1729 309 1760 cum
321 1714 410 1760 feminis
419 1714 549 1775 puerisque:
563 1712 649 1774 argenti
660 1711 711 1757 duta

46 1785 137 1824 sentus
147 1786 172 1824 et
182 1779 343 1840 quinquaginta
357 1778 432 1831 millia,
444 1778 511 1831 unde,
524 1778 548 1822 in
562 1791 632 1823 noras
643 1776 709 1830 aedes,

45 1849 208 1903 oompsrsrerrt,
219 1858 271 1902 quoe
281 1858 337 1903 opus
346 1849 427 1888 essent
453 1843 518 1903 Agru
528 1841 645 1888 diridendo
656 1840 711 1886 dan-

46 1905 119 1966 doque
131 1907 207 1959 iidem,
225 1907 263 1966 qui
278 1908 428 1960 traduxerant,
447 1905 565 1955 Cornelius
582 1914 605 1952 et
619 1905 711 1951 Baebius

46 1971 173 2031 praepositi:
193 1971 355 2031 postulantibus
372 1978 445 2018 tsmeu
459 1971 519 2032 ipsis,
535 1969 673 2031 quinqueviri
684 1970 712 2014 ab

46 2042 124 2081 renutu
134 2035 190 2087 dati,
202 2050 296 2095 quorum
310 2050 340 2082 ex
353 2036 445 2081 consdio
456 2042 554 2096 agerent.
589 2029 713 2079 Transacti

46 2114 77 2152 re,
103 2114 158 2145 cum
179 2107 279 2145 veterem
301 2100 422 2146 exercitum
441 2099 539 2145 Romam
561 2098 710 2145 deduxissent,

45 2163 172 2224 triumphus
182 2164 211 2209 sb
221 2170 300 2210 senstu
309 2171 344 2210 est
354 2165 463 2210 decretus.
492 2162 527 2208 Hi
538 2162 636 2207 omnium
647 2157 712 2220 primi
803 2212 805 2221 Ι

45 2227 107 2273 nullo
115 2228 176 2274 bello
186 2227 435 2290 gestotriumplulruut:
449 2234 536 2273 tuntum
544 2222 642 2287 [hostes]
652 2221 712 2267 ducti

45 2299 98 2337 ente
112 2306 221 2349 currum
239 2293 297 2353 quia,
314 2308 356 2339 nec
372 2292 432 2353 quod
446 2291 547 2342 ferretur,
566 2302 637 2347 neque
654 2284 713 2345 quod

45 2355 165 2402 moerere
172 2364 269 2417 captum,
279 2372 353 2417 neque
359 2357 419 2418 quod
428 2355 533 2401 militrlrus
541 2353 635 2403 (luetur,
648 2348 712 2409 quid·

45 2434 112 2477 quam
122 2421 149 2465 in
158 2421 278 2483 triumphis
288 2437 365 2467 eorum
374 2421 455 2468 fuerat.

77 2482 207 2529 XXXIX.
217 2484 305 2531 Eodem
316 2501 375 2532 anno
386 2487 409 2530 iu
421 2481 531 2544 Hispaniir
542 2480 636 2527 Fulvius
647 2477 712 2525 Flac-

44 2561 85 2593 cus
100 2549 231 2609 procousrrl,
246 2551 298 2610 quia
313 2548 465 2596 successoria
479 2546 614 2608 prorInciam
629 2542 711 2590 tardius

44 2612 155 2665 veniebat,
166 2613 249 2659 educto
259 2615 357 2660 exercitu
368 2629 396 2659 ex
406 2611 509 2664 hdreruis,
521 2611 646 2656 ulteriorem
659 2605 712 2655 Cel-

44 2676 129 2723 Μ
140 2692 229 2739 W»
246 2679 304 2727 unde
314 2679 343 2725 ad
352 2678 486 2736 deditionem
497 2690 542 2723 non
553 2680 665 2727 renerent,
678 2673 712 2717 in-

77 2754 130 2789 voa.
145 2756 166 2787 v.
474 2755 490 2787 ι
