1792 2950
160 183 189 234 Τ.
203 169 362 232 Livnun.
375 176 503 229 xxm
522 175 582 228 cu.
593 183 633 228 51.
700 181 734 230 se

56 311 114 367 aiieu
124 301 229 364 omnbus
239 311 342 360 humanis
352 309 466 374 congestis
478 304 607 364 honoribus,
619 316 645 355 ut
655 319 685 356 ne
695 306 732 356 ui.

55 383 115 432 vinis
134 379 226 442 quidem
245 379 398 426 abstineretur.
438 375 476 423 Ab
492 374 635 437 seriptoribus
653 384 729 421 rerum

57 447 147 501 Graecis
160 444 292 504 Latinisque
302 449 390 489 tautum
409 438 461 487 h'uic
477 440 526 487 viro
542 439 652 491 tnbuitur,
673 446 699 485 ut
715 453 729 486 a

57 509 191 575 qubusum
210 513 295 561 eorum,
315 507 378 553 velut
396 505 425 552 ad
439 504 552 565 insignem
566 510 643 549 notam
661 503 732 566 hujus

58 579 119 631 anni,
131 575 248 622 memoriae
259 571 388 618 mandatum
400 569 435 622 sit,
447 577 493 615 tres
504 569 575 614 claros
585 568 730 630 imperatores

59 659 87 690 eo
97 647 159 688 anno
170 639 298 690 decessisse,
311 635 512 696 Philopoemenem,
526 631 684 688 Hannibalem,
698 631 726 678 P.
767 620 770 623 ¹

60 708 208 768 Scipionemz
228 702 283 749 adeo
290 702 314 746 in
326 715 390 760 aeqno
399 713 450 744 eum
462 698 554 743 duarum
565 697 730 758 potentissima-

60 761 508 890 ffliifflilulllitliiiiii
514 768 664 878 unilt,
678 823 732 872 m

60 901 162 948 ininiuus
177 897 246 949 venit,
259 909 326 956 quem
338 901 465 954 suspectum
476 889 587 936 Romanis
597 897 619 935 et
630 897 733 950 receptu,
830 914 833 921 ⁴

60 971 116 1078 post
132 961 209 1024 fugam
220 959 329 1007 Antiochi
346 957 468 1009 Hannibal,
488 964 511 1002 et
524 954 607 1001 bellum
624 953 732 1000 adversus

87 1043 191 1076 umenem
201 1031 296 1078 motum,
307 1023 407 1069 faciebat
442 1019 484 1073 Ibi,
501 1034 540 1065 sen
551 1019 603 1080 quia
616 1033 630 1065 a
643 1017 730 1064 Flami-

61 1087 116 1142 nino
125 1094 184 1140 inter
192 1097 274 1138 caetera
281 1090 392 1151 objectum
401 1085 488 1132 Prusiae
497 1090 550 1136 erat,
560 1083 673 1129 hominem
682 1098 731 1128 om-

60 1161 131 1212 nium,
152 1157 191 1218 qui
209 1155 319 1206 viverent,
337 1149 505 1198 infestissimum
523 1148 606 1211 populo
623 1147 730 1194 Romano

62 1225 120 1288 apud
131 1237 184 1269 eum
195 1235 250 1273 esse,
264 1217 386 1279 quipatriae
401 1229 448 1261 suae
461 1208 564 1275 primum,
577 1211 663 1264 deinde,
671 1209 731 1257 frae-

61 1291 91 1336 tis
101 1291 151 1352 eJ'us
163 1286 248 1348 opibus,
261 1281 374 1358 Antiocho
389 1279 445 1342 regi,
463 1285 541 1324 auctor
554 1277 606 1322 belli
624 1275 732 1321 adversus

62 1337 732 1483 illiciililtiliirellinhilt&

64 1502 90 1534 se
100 1482 193 1530 necandi
208 1486 246 1527 aut
263 1476 362 1524 tradendi
377 1476 425 1535 ejus
435 1473 459 1517 in
470 1474 603 1531 potestatem
614 1465 732 1513 consilium

63 1550 139 1613 copit3
156 1546 249 1607 aprimo
263 1540 374 1601 colloquio
386 1534 514 1588 Flaminini,
525 1532 607 1578 milites
618 1532 731 1591 extemplo

63 1614 192 1664 addomum
200 1596 640 1655 Hannibaliscustodiendammissisunt.
666 1596 731 1643 Sem.

60 1696 101 1745 per
112 1678 180 1725 talem
191 1674 275 1721 exitum
286 1670 339 1717 vitae
351 1684 397 1715 suae
406 1664 520 1712 Hannibal
529 1667 673 1725 prospexerat
683 1661 733 1707 ani·

61 1756 108 1800 mo,
121 1750 145 1791 et
155 1740 311 1788 Romanorum
324 1731 457 1795 inexpiabile
470 1730 545 1776 odium
557 1727 581 1772 in
592 1741 617 1773 se
627 1740 731 1780 cernens,

60 1819 85 1860 et
94 1804 148 1856 iidei
159 1818 238 1867 regum
249 1800 304 1848 nihil
311 1814 365 1846 sane
372 1796 476 1844 conlisus.
511 1792 598 1840 Prusiae
608 1804 663 1838 vero
673 1790 730 1837 levi-

61 1882 135 1924 tatem
146 1870 213 1917 etiam
224 1872 327 1933 expertus
335 1869 389 1910 erat.
419 1859 540 1907 Flaminini
545 1851 639 1967 puoipue
646 1856 731 1902 oliven-

61 1949 121 1993 tum,
133 1936 197 1983 velut
206 1932 294 1979 fatalem
306 1930 352 1983 sbi,
364 1928 486 1973 horruerat.
521 1922 544 1969 A
574 1922 649 1967 omnia
664 1919 730 1965 unua

62 2015 107 2071 que
117 2000 207 2051 infesta,
219 2004 245 2044 ut
254 1997 297 2042 iter
308 2007 394 2055 semper
404 1988 492 2051 aliquod
505 1993 653 2049 praepmatum
666 1981 731 2044 fugae

60 2068 163 2119 hibereb'
174 2069 259 2125 septem
270 2060 343 2107 exitus
352 2057 438 2104 edomo
449 2054 549 2106 ieceratg
559 2058 582 2097 et
590 2050 654 2097 exiis
662 2062 731 2107 quos·-

63 2136 114 2183 riam
127 2130 236 2181 occultos,
248 2136 277 2171 ne
287 2119 387 2170 custodia
398 2119 527 2181 sepirentur.
558 2111 731 2174 Sedgraveim-

61 2200 151 2264 perium
222 2206 247 2237 m
265 2187 320 2235 nihil
334 2185 505 2247 inexploratum,
525 2179 585 2239 quod
600 2172 734 2234 investigari

61 2265 177 2315 solunte
202 2256 247 2302 cit:
266 2253 335 2299 totins
346 2249 463 2297 circuitum
478 2243 559 2291 nomas
577 2245 609 2287 lta
625 2236 732 2285 custodiis

62 2322 176 2391 complexi
187 2326 247 2373 sunt,
259 2325 284 2364 ut
292 2313 420 2363 nemoinde
429 2310 577 2371 elahlposset.
607 2300 731 2354 Hannibal,
828 2335 830 2341 .

62 2400 184 2460 postquam
196 2392 231 2432 est
245 2382 378 2433 nuntiatum,
394 2376 476 2424 milites
492 2373 566 2434 regios
584 2369 608 2415 in
622 2365 734 2414 vestibulo

63 2470 121 2511 esse,
134 2452 228 2517 postico,
241 2448 300 2509 quod
310 2446 399 2493 (levium
410 2441 507 2487 maxime
515 2444 581 2497 atque
589 2430 734 2480 occultissimi

64 2520 140 2571 exitus
151 2522 208 2567 erat,
217 2512 297 2575 ingere
305 2516 404 2560 conatus,
416 2512 442 2550 ut
452 2503 475 2549 id
485 2516 574 2563 quoque
586 2509 681 2545 occursu
691 2495 735 2556 mi-

64 2586 132 2637 haum
143 2583 261 2641 obseptum
272 2574 347 2627 sensit,
357 2580 381 2620 et
391 2568 466 2617 omnia
476 2566 534 2613 cirea
544 2564 618 2610 clausa
628 2558 734 2607 custodiis

67 2646 182 2713 dispositis
193 2652 250 2695 esse,
267 2651 379 2686 venenum
395 2632 467 2697 (quod
474 2627 548 2677 mulio
558 2635 610 2674 ante
623 2635 735 2687 prepara·

68 2718 119 2765 nn
130 2707 159 2761 d
169 2707 226 2757 tues
236 2698 330 2753 babebat
340 2696 419 2759 caim)
430 2694 543 2805 peporciti
554 2698 571 2723 ⁸*
578 2678 737 2740 liberemusn
749 2680 755 2690 ’

494 2772 510 2808 1
