1792 2950
191 113 237 156 132
310 86 349 154 'a
363 104 450 154 mvn
467 104 518 152 ns
534 102 601 152 xm.
621 101 680 152 css.
697 108 733 151 n.

190 236 305 288 cumsedit,
317 240 345 280 'et
361 235 432 280 vineis
448 247 580 294 oppugnare·
595 231 702 278 intendit:
721 243 857 296 amnemque
890 231 891 292 Ῐ

190 300 377 364 praeterllueutem
393 299 483 350 moenia,
501 298 538 358 qui
555 304 578 342 et
589 296 749 358 impedimento
767 314 857 361 oppug-
890 293 891 346 i

191 367 294 412 nantibus
304 370 357 415 erat,
375 370 398 409 et
411 362 551 422 aquationem
562 349 627 408 Istris
637 361 755 422 praebebat,
772 365 857 409 multo-

192 445 241 476 rum
252 423 341 473 atenim·
347 443 414 488 opere
423 435 540 487 exceptum
552 440 611 471 novo
622 425 686 470 alveo
696 427 785 473 avertit.
821 427 857 474 Ea
890 435 891 474 ἒ

192 509 227 540 res
245 493 348 538 barbaros
366 491 473 536 miraculo
491 491 570 536 terruit
585 489 675 536 abscisae
691 504 770 550 aquae:
789 499 814 537 et
828 505 858 538 ne
890 503 891 528 ³

191 566 239 604 tum
255 556 342 615 quidem
357 570 467 601 manores
481 554 548 614 pacis,
565 554 589 602 in
604 553 688 600 caedem
699 556 821 617 conjugum
832 571 859 602 ae

191 622 310 667 liberorum
320 620 386 673 versi,
398 620 464 666 etiam
477 626 501 664 ut
512 619 635 680 spectaculo
646 618 747 664 hostibus
758 626 805 665 tam
815 619 858 666 foe-
890 629 891 682 ζ

193 687 246 731 dum
261 684 347 730 facinus
361 692 426 736 esset,
443 683 516 744 palam
531 683 554 727 in
569 682 637 728 muris
647 683 769 728 trucidatos
779 686 858 744 praeci-
890 683 891 722 l

192 751 298 812 pitabant·
339 746 403 794 Inter
424 747 490 792 nmul
511 746 706 808 complorationem
725 745 860 794 feminarum
890 749 891 798 i

192 827 362 877 puerorumque,
375 810 441 857 simul
451 809 568 857 nefandam
579 810 670 863 caedem,
682 810 771 865 milites,
786 819 859 860 uaris-
890 801 891 880 ]

193 878 265 940 gressi
284 891 380 928 murum,
398 875 502 935 oppidum
520 872 643 920 intrdrunt:
662 875 726 936 cuius
744 878 804 938 capti
821 885 858 923 tu.
890 881 891 936 l

193 943 289 989 multum
301 948 326 986 ut
336 955 366 985 ex
375 939 455 1001 pauido
465 939 561 985 clamore
570 938 703 1000 fugientium
714 941 802 1002 accepit
811 957 858 995 rex,

194 1006 280 1068 trajecit
290 1004 349 1051 ferro
357 1011 441 1066 pectus,
452 1018 480 1048 ne
490 1003 555 1049 vivus
566 1010 692 1064 caperetur:
706 1006 783 1050 caeteri
793 1007 859 1068 capti,

195 1079 234 1117 aut
244 1069 318 1116 occisi.
353 1067 410 1115 Duo
424 1067 504 1130 deinde
517 1067 603 1128 oppida,
621 1067 705 1114 Mutila
719 1075 742 1114 et
757 1067 859 1124 Faveria,

195 1135 218 1181 vi
236 1141 300 1195 capta
315 1141 338 1180 et
353 1133 431 1180 deleta.
467 1131 553 1185 Praeda,
571 1131 634 1177 utin
650 1138 719 1194 gente
735 1132 805 1195 inopi,
822 1150 862 1196 spe

196 1200 266 1261 major
275 1198 324 1249 fuit,
336 1205 360 1244 et
370 1196 442 1243 omnis
453 1196 559 1242 militibus
569 1209 675 1242 concessa
685 1203 727 1242 est.
754 1197 862 1258 Quinque

197 1263 265 1310 millia
279 1263 375 1324 capitum
390 1267 494 1307 sexcenta
508 1259 599 1320 triginta
613 1259 658 1306 duo
673 1261 714 1306 sub
728 1259 811 1308 corond
821 1279 862 1310 ve·

197 1329 298 1374 aierunt:
317 1334 419 1373 auctores
428 1325 480 1370 belli
486 1324 556 1385 virgis
567 1323 626 1376 caesi,
638 1330 661 1370 et
671 1325 743 1370 securi
753 1328 860 1386 percussi.

198 1391 265 1439 Istria
279 1398 327 1437 tota
339 1391 406 1436 trium
422 1388 552 1450 oppidorum
567 1387 664 1433 exscidio
678 1396 702 1434 et
716 1397 790 1436 morte
803 1393 864 1452 regis

197 1463 275 1519 pacata
282 1463 329 1502 est:
343 1469 465 1515 omnesque
476 1452 571 1514 undique
581 1453 663 1514 populi,
675 1453 787 1501 obsidibus
797 1454 862 1511 datis,

198 1522 222 1566 in
236 1520 342 1565 ditionem
357 1525 473 1565 venerunt.
509 1517 555 1564 Sub
566 1514 640 1563 Istrici
650 1516 717 1564 linem
727 1518 787 1573 belli,
804 1520 864 1581 apud

198 1583 296 1645 Ligures
306 1583 399 1629 concilia
409 1580 504 1627 debello
515 1581 588 1627 baberi
599 1588 679 1643 coepta·

230 1645 290 1693 x11.
309 1645 346 1691 Τι.
360 1644 467 1693 Claudius
485 1646 611 1707 proconsul.
633 1646 670 1707 qui
688 1653 772 1707 praetor
783 1648 865 1710 ¹priore

198 1724 258 1756 anno
271 1708 349 1762 fuerat,
367 1723 418 1755 cum
434 1710 538 1770 presidio
548 1710 643 1771 legionis
657 1711 723 1757 unius
734 1710 794 1759 Pisis
803 1728 865 1775 pras-

198 1780 258 1820 erat:
277 1775 341 1835 cujus
358 1773 428 1819 literis
444 1780 534 1819 senatus
553 1773 634 1820 certior
647 1774 730 1829 *factus
747 1791 788 1823 aas
804 1778 865 1839 ipw

197 1838 272 1884 literas
282 1837 310 1883 ad
321 1834 350 1884 G
358 1834 477 1884 Claudium
489 1837 551 1899 (nam
563 1838 618 1884 alter
628 1840 707 1885 consul
712 1840 761 1901 jam
774 1841 799 1887 in
810 1842 865 1889 Sar-

190 1901 280 1947 diniam
297 1898 422 1963 trajecerat)
439 1900 568 1948 deferendas
586 1910 674 1949 censet:
694 1911 717 1949 et
732 1903 808 1967 adjicit
825 1906 866 1953 de-

200 1972 299 2022 cretum3
316 1966 420 2026 quoniam
436 1963 504 2011 Istria
517 1967 630 2027 provincia
644 1965 745 2013 confecta
759 1976 829 2024 esset,
846 1972 865 2017 si

199 2030 347 2083 eluderetur,
359 2029 482 2076 exercitum
493 2030 616 2077 traduceret
626 2031 649 2077 iu
660 2030 765 2093 Ligures
793 2034 867 2081 Simul

200 2108 230 2141 ex
239 2094 308 2141 literis
318 2094 422 2148 consulis,
431 2109 486 2154 quaa
496 2094 524 2140 de
535 2096 599 2141 rebus
607 2096 631 2140 in
639 2094 706 2143 Istriri
713 2096 786 2157 genis
796 2100 868 2160 scrip-

201 2165 266 2212 serat,
283 2160 307 2203 in
323 2159 413 2205 biduum
430 2159 560 2219 supplicatio
576 2159 671 2206 decreta.
705 2160 739 2205 Et
753 2162 782 2207 ab
796 2162 868 2209 altero

201 2223 293 2269 consule
300 2222 337 2269 Tr.
349 2224 480 2283 Sempronio
489 2224 512 2267 in
521 2222 621 2270 Sardiniti
628 2238 732 2285 prospere
740 2240 776 2271 res
783 2234 866 2287 gestae.

202 2287 333 2333 Exercitum
352 2287 375 2332 in
394 2302 473 2348 agrurn
493 2286 612 2333 Sardorum
634 2287 749 2335 Iliensium
769 2289 866 2337 induxit.

201 2350 333 2398 Balarorum
344 2366 426 2412 magna
435 2352 517 2397 auxilia
529 2350 645 2399 Iliensibus
654 2359 771 2399 venerant.
807 2353 868 2402 Cum

202 2412 295 2474 utrique
308 2422 377 2476 gente
387 2415 457 2476 siguis
468 2416 552 2467 collatis
562 2416 675 2463 conflixit:
693 2415 738 2462 fusi
752 2416 870 2481 fugatique

203 2477 285 2531 bootes,
302 2478 423 2539 castrisque
433 2480 508 2525 exuti:
527 2480 642 2527 duodecim
653 2480 722 2527 millia
732 2489 869 2529 amatorum

204 2554 268 2586 cossa.
304 2540 400 2591 Postero
418 2543 454 2589 die
472 2559 533 2591 arma
551 2544 608 2591 lecta
625 2546 705 2607 conjici
721 2546 745 2591 in
764 2561 869 2594 acervum

200 2603 268 2663 Jussit
278 2606 369 2663 tonsul;
380 2621 512 2668 sacmmque
521 2608 544 2655 id
555 2607 658 2668 Vulcano
669 2608 785 2659 tresnarit.
816 2611 870 2659 vio
