1792 2950
197 160 227 210 Τ.
239 158 328 210 LIVII
344 159 396 210 nu
410 160 547 210 xncn.
560 167 599 208 33.
700 172 730 216 91

59 290 210 354 ‘provincialia
227 291 309 339 ansilla
324 292 456 338 instnsxisse
472 291 592 339 Romanos
607 293 732 348 manat,

60 372 118 404 curn
129 357 215 417 majore
224 353 304 402 lidrrcii
313 355 434 404 intaderunt
445 356 517 416 signa.
540 355 594 408 Jam
602 372 671 418 propa
677 367 732 411 erat,

67 429 93 468 ut
108 421 223 468 antarum
239 433 310 468 cornu
326 421 444 482 pelleretur
462 419 580 473 Romania,
599 422 623 467 ni
641 422 735 482 septima

64 487 126 547 legio
142 486 299 532 successisset:
324 485 390 532 simul
405 487 433 532 ab
449 485 529 546 oppido
544 483 639 539 AEbrui,
655 487 733 546 quiin

64 551 170 612 praesidio
181 549 252 596 relicti
262 557 332 602 erant,
343 550 367 594 in
377 549 451 595 medio
461 550 628 612 ardorepngnae
636 550 734 598 advene·

64 622 125 668 sumt,
143 622 168 660 et
183 614 270 660 Acilius
284 615 312 660 ab
325 621 390 676 tergo
404 621 458 660 erat
493 613 542 660 Diu
555 615 578 660 in
593 615 666 661 medio
680 616 734 662 caesi

65 678 187 728 Celtiberi:
204 679 242 738 qui
252 687 387 738 supereraut,
399 679 422 723 in
434 693 512 724 omnes
521 680 602 739 passim
612 687 687 740 partes
696 695 734 726 oa-

53 750 159 806 pessunt
166 742 252 806 sugam.
277 743 378 802 Equites,
388 743 658 803 bipartitoineosemissi,
669 759 734 805 mag·

61 823 118 856 nam
133 808 219 856 mdnn
233 805 328 854 edidere.
363 807 402 853 Ad
414 807 495 868 viginti
505 808 547 854 tria
556 804 625 854 millia
634 808 732 854 bostium

63 889 94 919 eo
105 873 142 919 die
152 887 223 929 οπεος
238 878 302 933 capta
311 879 406 932 quatuor
416 872 484 917 millia
494 879 517 916 et
527 873 668 933 septingenti,
680 888 732 918 cum

63 937 132 998 equis
149 937 199 998 plus
216 937 351 997 quingentis,
374 943 397 982 et
416 937 481 997 signa
498 936 600 982 militaria
617 937 733 997 octoginta

63 1009 127 1048 octo.
162 1001 250 1063 Magna
267 1001 367 1052 nonna,
387 1015 432 1046 non
448 1008 523 1046 tamen
538 1002 661 1053 incruenta,
680 1000 730 1046 inb

60 1065 167 1114 Romani
180 1066 208 1112 de
222 1066 306 1111 duabus
320 1065 444 1126 legionibus
459 1065 540 1111 milites
554 1066 620 1125 paulo
629 1066 680 1126 plns
690 1065 732 1110 das-

59 1132 132 1184 centi,
151 1129 238 1177 socium
250 1127 326 1175 Latini
337 1129 432 1177 nominis
443 1129 566 1190 octingenti
576 1130 674 1190 triginta,
692 1143 732 1174 ex·

62 1205 180 1244 ternariam
192 1194 331 1241 auxiliarium
342 1194 385 1238 duo
394 1193 463 1239 millia
468 1192 539 1239 ferme
546 1201 570 1239 et
577 1193 733 1254 quadringenti

61 1261 200 1308 oeciderunt.
233 1257 322 1304 Praetor
332 1257 355 1302 in
366 1265 438 1304 eastra
446 1259 556 1304 victorem
565 1258 686 1303 exercitum
698 1273 733 1302 re-

61 1326 135 1372 duxit.
171 1323 259 1370 Acilius
269 1337 359 1370 manere
368 1323 391 1367 in
403 1322 481 1368 castris
491 1322 519 1366 ab
529 1337 554 1367 se
564 1322 632 1381 captis
638 1322 729 1387 jussus:

61 1397 156 1452 postero
167 1389 203 1434 die
213 1388 283 1449 spolia
295 1387 322 1433 de
337 1387 436 1433 hostibus
451 1386 516 1437 lecta,
533 1391 557 1430 et
570 1401 611 1446 pro
625 1384 733 1429 concione

60 1454 149 1507 donati,
161 1468 255 1513 qnorum
266 1452 337 1499 nitus
347 1451 442 1512 insignis
452 1449 531 1495 suerat.
642 1458 648 1474 ¹

98 1516 228 1565 XXXIII.
246 1517 330 1563 Sauciis
342 1516 420 1562 deinde
430 1516 454 1559 in
465 1512 570 1574 oppIdnm
577 1512 686 1558 AEburam
695 1512 734 1559 de·

62 1582 145 1635 vectis
165 1597 204 1643 per
223 1580 378 1643 Carpetaniam
397 1580 425 1626 ad
445 1577 589 1626 Contrebiam
608 1578 681 1623 ductae
699 1577 732 1622 le-

61 1650 153 1711 giones·
183 1646 219 1695 Ea
230 1648 281 1693 urbs
292 1647 442 1697 circumsessa,
455 1658 507 1689 cum
518 1659 531 1689 a
543 1640 659 1689 Celtiberis
670 1642 733 1687 anxi-

61 1716 93 1763 lia
103 1708 240 1765 arcessisset,
257 1711 392 1759 morantibus
402 1710 436 1761 iis,
454 1709 511 1770 (non
521 1708 573 1767 quia
583 1707 624 1769 ipsi
635 1707 732 1753 cunctati

59 1785 127 1832 sunt,
144 1776 183 1823 sed
198 1776 248 1836 quia
262 1775 373 1837 profectos
387 1774 477 1820 adorno
487 1772 649 1834 inexplicabiles
660 1772 732 1817 conti-

60 1844 118 1891 nuIs
128 1841 233 1887 imbribus
243 1840 286 1887 viae
297 1848 320 1886 et
330 1838 400 1885 inflati
408 1853 484 1885 amnes
492 1835 605 1897 tenebant)
617 1837 732 1897 desperato

62 1906 152 1957 aiaxilio
167 1920 262 1957 suorum,
279 1904 301 1949 in
317 1904 450 1950 deditionem
464 1904 533 1948 venit.
568 1900 662 1947 Flaccus
677 1916 733 1961 quo-

60 1987 119 2035 que,
136 1970 302 2031 tempestatibus
315 1967 382 2014 soedis
396 1975 492 2020 coactus,
507 1967 629 2012 exercitum
642 1980 732 2011 omnem

61 2041 90 2089 ln
101 2036 180 2083 urbem
190 2032 319 2079 introduxit.
355 2030 467 2084 Celtiberi,
484 2032 523 2091 qui
537 2046 551 2076 a
563 2030 630 2075 domo
639 2028 733 2089 profecti

61 2108 138 2154 erant,
156 2099 274 2147 deditionis
285 2096 364 2158 ignari,
383 2112 433 2142 cum
449 2096 538 2142 tandem
554 2094 680 2156 (superatis,
696 2092 733 2136 ubi

64 2168 164 2231 primum
175 2162 308 2211 remiserunt
318 2162 405 2214 imbres,
417 2156 529 2217 amnibus)
541 2156 684 2205 Contrebiam
695 2170 734 2200 ve-

64 2234 161 2283 nissent,
177 2235 294 2289 postquam
305 2234 377 2273 eastra
387 2226 447 2271 nulla
457 2231 520 2269 extra
530 2222 613 2267 moenia
623 2220 733 2270 viderunt,

63 2296 146 2345 autin
162 2294 254 2339 alteram
270 2298 355 2353 partem
371 2290 478 2337 translata
492 2286 541 2338 rati,
561 2292 600 2331 ant
618 2282 735 2329 recessisse

64 2364 152 2413 hostes,
167 2372 208 2419 per
223 2356 381 2418 negbgentiam
396 2353 461 2399 effusi
476 2351 503 2397 ad
515 2348 621 2410 oppidum
635 2361 735 2392 accesse-

17 2430 21 2441 '
64 2432 128 2473 runt.
156 2420 185 2469 In
197 2437 235 2467 eos
246 2421 329 2467 duabus
339 2418 409 2481 portis
420 2415 519 2463 Romani
529 2412 666 2474 eruptionem
674 2409 734 2456 fece-

64 2496 128 2541 mat
144 2493 168 2533 et
182 2486 341 2546 incompositos
356 2482 427 2529 adorti
439 2480 551 2526 fudemnt.
587 2476 647 2529 Quae
660 2490 695 2521 rea
705 2474 735 2521 ad

65 2550 216 2603 assistendum
227 2564 266 2596 eos
276 2556 300 2597 et
314 2549 341 2595 sd
352 2545 508 2608 capessendam
518 2556 615 2605 pugnam
626 2540 732 2601 impediit,

64 2618 129 2681 qnod
139 2630 186 2663 non
197 2629 243 2660 uno
254 2614 343 2675 agmine
354 2628 394 2659 nec
405 2610 433 2657 ad
444 2609 509 2670 signa
520 2606 645 2665 frequentes
658 2605 734 2651 venie·

65 2686 128 2741 bapt,
140 2680 218 2731 eadem
229 2692 318 2740 magnae
329 2670 632 2738 partiadfugamsalutifuit
659 2667 735 2729 Sparsi
777 2743 778 2749 ἵ
