1792 2950
199 141 229 195 Τ.
243 129 334 197 uivn
348 148 401 197 uu
418 110 496 199 xiv.
516 149 647 229 022:an
700 160 748 205 ors

68 278 228 324 moueat
253 275 425 332 munaum
434 272 745 337 souveeumumed

72 341 744 410 lorum,Synnadisellocuti‚etAttuluecumeieproiectup;
796 350 798 355 '

72 405 118 453 sed
126 412 198 453 castre
207 407 325 453 Gallorum
335 410 418 457 intrare
425 426 477 457 eum
487 426 531 457 non
540 412 628 472 placuit,
639 426 668 458 ne
675 414 743 459 enimi

71 484 107 517 ex
117 470 277 532 disceptatione
283 472 428 521 irritarentur.
454 474 480 521 P.
493 475 593 523 Licinius
604 492 654 523 cum
664 478 742 539 regulo

74 534 198 583 Gellorum
208 544 243 582 eet
253 536 349 591 locutus,
361 539 486 599 retulitque.
498 539 629 587 ferociorem
640 556 692 588 enm
705 541 744 587 de-
791 560 793 575 1

72 600 188 661 preeundo
201 599 299 647 fectum
319 610 345 648 ut
357 604 438 649 mirum
448 604 519 651 videri
529 613 611 666 posset,
623 606 682 652 inter
697 613 743 653 tem
763 653 767 659 ,

72 665 194 725 opulentos
217 680 290 727 reges,
313 666 451 713 Antiochum
471 668 669 730 Ptobmaeumque
694 679 745 717 ten-

72 736 126 775 tum
142 729 268 790 legatorum
281 730 436 778 Romanorum
452 734 519 779 verbo
539 734 641 787 valuisse,
661 741 686 781 ut
703 749 744 781 ex-

72 794 162 904 tfemplo
169 809 247 855 pacem
256 793 369 859 fecerent3
383 797 442 859 apud
453 798 532 846 Gallos
543 799 625 845 nullius
635 799 743 847 momenti

90 872 156 904 um
644 887 646 893 ,

111 921 221 969 XXXV.
239 923 338 971 Βοωιω
352 926 449 988 primum
465 942 531 989 reges
545 928 633 990 captivi,
646 927 743 976 Perseus

73 994 101 1035 et
112 987 217 1041 Gentius,
234 988 257 1033 in
274 990 397 1037 custodiam
414 1007 467 1037 cum
484 992 557 1039 liberis
572 993 675 1051 abducti5
691 992 742 1039 dein

75 1053 142 1099 mrbe
157 1052 200 1099 elie
214 1054 367 1114 captivorum:
386 1062 434 1101 tum
450 1056 529 1116 quibus
541 1056 692 1104 Macedonum
703 1057 743 1105 de-
788 1069 796 1075 “

74 1116 204 1163 nuntiatum
221 1124 275 1171 eret,
295 1125 321 1165 ut
331 1118 429 1165 Boium
446 1120 555 1172 venirent,
574 1122 743 1182 principumque

77 1181 177 1231 Graeciae
186 1199 192 1227 ι
200 1225 202 1228 ,
211 1197 263 1229 num
274 1183 296 1228 bi
307 1199 396 1243 quoque
407 1198 453 1229 nou
462 1184 534 1229 solum
545 1192 667 1245 praesentes
675 1184 743 1233 eliciti

74 1253 147 1299 aaut,
159 1246 199 1292 sed
211 1246 285 1301 etiem,
299 1248 318 1293 ei
333 1248 370 1309 qui
386 1248 445 1309 apud
460 1263 525 1310 reges
542 1263 592 1295 esee
605 1248 740 1303 dicebantur,

72 1312 145 1359 literis
158 1311 256 1357 arcessiti
273 1320 332 1358 sunt.
368 1310 453 1359 Paulus
469 1313 516 1374 ipee
529 1318 581 1373 post
596 1312 643 1358 dies
660 1328 761 1375 paucos-

73 1373 138 1439 regii
145 1391 202 1422 neve
212 1376 310 1437 ingentis
317 1378 484 1438 magnitudinis,
496 1392 562 1437 quem
571 1377 682 1423 sexdecim
690 1392 742 1423 ver-

72 1457 114 1489 sus
135 1456 247 1488 remorum
265 1443 368 1504 egebunt,
388 1440 467 1490 orneti
484 1442 637 1490 Macedonicis
656 1442 739 1503 spoliis,

72 1521 120 1554 non
130 1506 252 1568 insignium
262 1516 350 1553 tautum
361 1523 481 1560 armorum,
493 1507 533 1553 sed
547 1507 613 1554 etiem
628 1507 740 1569 regiorum

72 1571 192 1624 textilium,
210 1571 304 1618 edvereo
319 1571 396 1619 Tiberi
415 1574 443 1619 sd
457 1571 542 1619 Urbem
560 1579 594 1618 eet
613 1572 738 1625 subvectus,

72 1636 190 1698 eompletis
208 1635 261 1697 ripis
279 1637 367 1684 obvium
383 1634 453 1684 effusi
469 1635 617 1685 multitudine.
653 1635 741 1682 Peneos

72 1708 126 1764 post
136 1701 183 1748 dier
189 1700 284 1747 Anicius
292 1709 315 1747 et
323 1701 432 1749 Octavius
442 1702 513 1749 clnese
521 1699 561 1748 sui
569 1701 662 1748 advecti.
686 1699 740 1746 Tri-

72 1767 115 1812 bus
125 1766 153 1812 iis
169 1766 272 1812 omnibus
288 1765 389 1812 decretus
406 1775 441 1814 eet
459 1767 487 1813 ab
504 1773 582 1814 senatu
599 1765 740 1826 triumphum

72 1830 246 1890 mulorumque
258 1829 290 1883 Q.
299 1828 380 1878 Cmsio
394 1832 493 1894 pretori,
505 1845 556 1878 cum
567 1832 661 1878 tribunis
671 1830 740 1892 plebis

72 1910 102 1943 ex
113 1894 246 1943 eunoritate
254 1893 347 1942 Petrum
359 1904 443 1957 egeret,
458 1898 597 1958 rogationem
612 1896 640 1942 ed
654 1895 739 1957 plebem

70 1960 164 2014 ferrent,
175 1966 201 2005 ut
210 1958 245 2012 iis,
261 1975 305 2020 quo
319 1960 356 2006 die
367 1959 453 2007 Urbem
470 1961 631 2022 triumphantes
647 1960 740 2007 invehe-

71 2032 156 2077 rentur,
166 2024 283 2086 imperium
294 2031 360 2071 esset.
396 2023 736 2072 Intuctsinvidiimediusunt:
815 2077 821 2088 Ι

71 2090 101 2137 ed
111 2104 200 2136 summe
208 2088 279 2135 ferme
287 2089 369 2135 tendit:
384 2104 427 2135 nec
435 2090 463 2136 de
471 2089 554 2143 Anicii,
566 2087 643 2136 necde
651 2087 740 2135 Octavii

70 2154 186 2215 triumpho
196 2153 319 2200 dubitatum
333 2160 380 2200 eet:
401 2152 504 2206 Paulum,
517 2154 553 2200 cui
563 2153 605 2214 ipsi
616 2166 704 2213 quoque
715 2166 739 2198 se

69 2233 201 2280 comparere
211 2219 356 2270 erubuissent,
375 2218 505 2264 obtrectatio
521 2217 609 2278 curpeit.
639 2212 740 2275 Antiqui

70 2280 188 2345 discipilum
205 2283 286 2330 milites
298 2283 405 2329 babuerat
412 2298 420 2339 ;
437 2283 466 2330 de
476 2279 552 2344 praedi
566 2279 659 2342 percitis,
672 2294 738 2340 quem

68 2355 214 2412 speraverunt
228 2361 258 2394 ex
268 2348 336 2395 tende
346 2346 414 2408 regiis
424 2347 509 2409 opibus,
525 2343 621 2399 dederet,
634 2343 690 2390 nibil
704 2357 740 2390 re·

67 2412 156 2464 iicturis
165 2413 196 2476 (si
206 2412 305 2459 aviditati
314 2409 479 2474 indulgeretur)
490 2411 550 2472 quod
559 2410 583 2456 in
591 2409 694 2456 rererium
701 2407 740 2455 de-

67 2481 147 2528 ferret.
177 2475 251 2524 Totus
260 2476 423 2524 Muoedonious
434 2477 545 2524 exercitui
555 2474 682 2536 imperatori
693 2479 741 2520 eret

70 2542 216 2604 negligenter
225 2540 439 2590 affuturue'comitiis
447 2541 547 2589 ferendae
557 2539 621 2603 legis.
647 2539 691 2588 Sed
702 2553 740 2585 eor

71 2611 124 2658 Ser·
139 2606 250 2667 Sulpicius
261 2607 341 2661 Gelbu,
352 2608 391 2669 qui
406 2608 510 2654 tribunus
524 2605 619 2653 militum
637 2603 741 2652 munda

70 2671 171 2738 iqiouis
180 2671 204 2718 in
215 2670 350 2723 Msoedouil
363 2672 443 2729 ieret,
455 2672 558 2737 privatim
568 2670 695 2736 imperatori
705 2669 740 2714 in·
