1792 2950
178 178 208 224 78
303 177 332 224 Τ.
346 172 433 224 LIVII
444 174 502 222 Lis·
517 171 571 222 XL
590 171 650 224 Cn·
664 177 702 220 ts.

178 304 331 358 tusrrieinde.
355 303 445 350 dimisso
464 301 875 363 exerdtnpsssiminvionsoe‘

178 369 284 430 stellaque
294 382 334 415 sus
343 367 420 429 dilapsi
431 375 490 413 sunt.
509 365 625 414 consue
635 380 726 426 quoque
732 365 837 418 dissides

178 433 301 480 meritum
316 431 440 484 voluerunt,
458 431 526 478 sede
541 427 569 476 ei
585 446 610 476 re
626 429 706 476 Petres
723 431 838 476 oonsnlue·
875 454 876 475 ;

179 503 239 542 runt.
273 494 377 542 Alterum
396 510 424 541 ex
439 495 480 548 his,
497 495 588 541 diruisse
602 494 708 547 exercitu,
725 494 756 540 sd
771 496 838 555 megi-
875 490 876 537 i

179 566 261 606 stratus
275 560 298 605 in
309 573 391 606 annum
402 559 508 605 creandos
518 559 594 604 venire
602 557 700 604 Romam
710 559 827 620 jusserunt
828 575 839 615 3

179 623 279 675 alterum,
297 638 348 670 cuin
358 623 483 685 legionibus
493 623 545 676 suis.
563 621 622 668 Pisis
633 621 738 668 hiemare.
773 621 839 671 Fame

178 694 234 739 erut,
252 687 331 734 Gallos
345 686 503 748 Transalpinos
514 687 656 748 juventutem
673 701 775 732 armare:
793 701 838 740 nec,

178 751 278 811 inquam
290 752 402 813 regionem
414 749 486 796 Italiae
496 749 593 796 effusura
603 765 627 795 se
641 750 763 796 multitudo
776 757 839 803 esset,
876 810 877 813 Ἴ

180 816 295 861 sciebatur.
322 814 358 861 Its
367 816 424 862 inter
435 831 460 860 se
470 815 572 861 consules
582 812 746 874 comperierunt,
759 821 786 860 ut
795 813 836 862 Cn

178 879 271 925 Baebius
285 879 313 924 ad
327 879 416 925 comitis
429 880 478 932 iret,
495 880 548 938 quis
561 878 597 925 Μ.
611 877 702 923 Baebius
715 877 787 926 freter
797 881 838 940 ejus

179 943 318 990 consulatum
328 944 422 1004 petebat.
771 989 775 994 ,

192 1020 195 1030 ·
212 1005 311 1054 XVIII.
330 1006 428 1054 Comitis
438 1008 564 1053 consulibus
574 1007 678 1068 rogandis
684 1004 763 1053 titire:
776 1007 838 1054 crecti

180 1070 208 1118 P·
220 1069 338 1118 Cornelius
347 1069 468 1132 Cethegus,
478 1072 515 1117 M.
524 1071 614 1117 Baehius
621 1069 762 1132 Tamphilus.
782 1070 838 1117 Pras

179 1141 240 1181 tores
254 1135 377 1187 indefecti,
395 1135 438 1181 dno
457 1134 489 1188 Q
503 1134 572 1188 Fobii,
590 1135 706 1182 Maximus
720 1143 746 1181 et
760 1135 837 1188 Buteo

180 1197 217 1246 Ti.
228 1196 335 1246 Cisudius
345 1198 415 1252 Nero,
434 1199 468 1253 Q.
478 1199 579 1245 Petilius
590 1199 706 1260 Spurinus,
724 1198 763 1252 Μ,
778 1199 840 1248 Pine-

179 1264 226 1310 rius
245 1261 325 1315 Posce,
346 1262 375 1309 L.
394 1263 519 1310 Duronius.
554 1263 607 1315 His,
629 1264 684 1309 inito
703 1263 838 1324 magistrum,

179 1327 300 1389 provinciae
314 1329 345 1374 its
360 1335 420 1374 sorte
434 1334 569 1374 evenerunt:
588 1325 685 1388 Ligures
700 1329 838 1383 consrdibus3
878 1368 879 1373 ,

179 1393 316 1452 praetoribus,
335 1391 367 1446 Q,
387 1391 476 1438 Petillio
492 1393 580 1443 urbane,
599 1390 630 1444 Q,
650 1391 720 1437 Fabio
739 1392 839 1440 Maximo

179 1457 301 1519 peregrine,
315 1455 347 1511 Q.
358 1455 426 1503 Fabio
438 1455 535 1503 Buteoni
547 1455 627 1508 Gellia,
638 1454 675 1501 Tr.
688 1453 786 1504 claudo
796 1457 839 1504 Ne·
879 1477 880 1514 i

179 1522 229 1567 roni
241 1522 320 1575 sicilia,
339 1520 374 1567 Μ.
389 1520 480 1567 l'innrio
491 1520 600 1573 sardine,
618 1518 647 1567 L-
661 1519 770 1567 Duronio
781 1523 840 1583 Apu·
879 1567 880 1588 q

178 1585 223 1640 1123
239 1592 263 1631 et
281 1584 335 1633 Istri
353 1585 438 1645 sdJecti,
459 1585 518 1645 qnod
535 1583 651 1632 Tarentini
669 1583 840 1646 Brundisinique
879 1591 880 1596 ’

179 1649 315 1701 nuntiabunt,
333 1649 454 1694 maritimos
468 1664 535 1709 egros
545 1648 637 1693 infestos
647 1651 840 1696 trunsmsrinsnrm

174 1710 269 1755 nuvium
281 1711 400 1757 latrociniis
410 1727 467 1757 esse.
501 1712 587 1758 Eadem
598 1712 755 1760 Massilienses
765 1715 793 1761 de
803 1714 840 1761 Li-

180 1786 262 1833 gutum
274 1774 365 1821 navibus
375 1777 528 1834 querebantur.
553 1776 673 1822 Exercitus
683 1777 736 1823 inde
747 1779 839 1825 decreti:

179 1843 275 1895 quatuor
292 1838 392 1898 legiones
410 1840 543 1892 consensus
561 1841 640 1902 (quine
658 1840 727 1887 millis
746 1843 840 1889 drmeuos

178 1902 298 1949 Romarm
307 1901 398 1963 pedites,
410 1909 511 1951 trecenos
522 1906 626 1950 haberent
636 1903 733 1965 equites)
746 1914 771 1953 et
780 1908 840 1968 quin-

180 1966 252 2035 decim
270 1965 338 2011 millis
356 1966 439 2012 socidm
459 1983 485 2014 sc
504 1967 580 2014 lentini
598 1969 700 2022 nominis,
718 1972 840 2034 octingenti

177 2030 272 2091 Equites.
308 2029 336 2075 ln
351 2030 467 2092 Hispaniis
480 2040 623 2093 prorogatum
637 2033 749 2080 veteribus
762 2044 841 2097 praeto·

180 2097 240 2143 ribus
254 2096 369 2157 imperium
380 2104 420 2149 est,
438 2111 489 2141 cum
504 2097 635 2143 exercitibus
649 2112 706 2156 quos
720 2099 838 2147 heberent:

179 2162 236 2207 etin
248 2160 422 2222 supplementum
434 2160 522 2207 decreta
531 2161 574 2206 tris
582 2161 650 2206 millis
662 2162 746 2207 civium
758 2164 841 2217 Rome-

179 2240 267 2278 nornm,
285 2224 373 2271 ducenti
389 2225 486 2284 equites:
506 2231 529 2271 et
547 2225 631 2272 socidm
651 2223 727 2275 Letim
747 2231 841 2275 nominis

181 2305 221 2337 sex
231 2289 298 2335 miliia
308 2288 412 2349 peditum,
424 2289 517 2335 trecenti
527 2289 618 2349 equites.
652 2288 706 2336 Noc
716 2291 747 2337 rei
760 2295 841 2341 nsvulis

179 2368 234 2399 curs
244 2353 337 2399 omissa:
357 2352 485 2399 duumviros
495 2354 518 2398 in
532 2368 581 2399 earn
592 2369 639 2399 rem
652 2356 758 2401 consules
769 2373 842 2405 cresse

176 2417 241 2475 jussi,
258 2432 297 2477 per
307 2431 363 2475 quos
373 2430 441 2463 naves
451 2416 531 2476 viginti
541 2417 643 2463 deductae
651 2419 768 2467 revertur
779 2424 841 2469 sociis

180 2478 263 2523 civibus
277 2478 393 2532 Romanis,
410 2481 448 2539 qui
459 2480 587 2525 servitutem
598 2481 726 2536 servissent,
744 2487 842 2547 complo-

181 2546 270 2593 rentur;
287 2542 376 2602 ingenui
392 2550 478 2589 tentum
489 2550 514 2588 ut
524 2544 550 2588 iis
560 2552 688 2603 praeessent.
724 2545 791 2596 Inter
802 2550 840 2597 du-

183 2601 280 2646 umviros
289 2604 320 2649 ite
330 2606 398 2651 divise
407 2607 490 2652 tuende
499 2606 561 2653 denis
571 2609 663 2663 neribus
673 2612 787 2660 meritims
797 2628 839 2668 ors,

176 2672 207 2709 ut
217 2668 389 2722 promontorium
399 2668 426 2714 iis
435 2668 554 2723 Minervae,
571 2672 631 2719 velut
642 2673 716 2727 csrdo,
732 2675 758 2721 in
770 2678 841 2735 rnedip
