1792 2950
177 179 207 229 T.
221 181 309 229 mvn
325 182 378 230 Lrn.
393 182 462 230 XLI.
481 181 541 233 Cir.
558 187 593 229 ll.
674 189 715 232 lul

45 328 100 363 curo
119 313 208 361 Romae
222 311 314 374 cognite
327 312 398 359 literis
412 313 571 373 proconsulum
587 319 668 367 essent,
687 313 716 362 C.

46 379 161 428 cunum
175 378 263 429 comet
280 378 371 430 veritus,
389 391 418 422 ne
431 377 490 423 forte
500 393 526 424 ee
537 393 572 424 res
582 378 718 439 provinciam

45 445 221 502 exercitumque
229 441 269 487 ubi
276 441 388 494 adimeret,
401 455 446 487 non
455 443 513 488 votis
522 443 660 504 nuncupatis,
673 451 719 488 uon

44 509 175 571 paludatus,
193 506 242 552 siue
250 505 371 558 lictoribus,
389 520 435 551 uuo
446 507 545 552 omnium
556 508 650 553 certiore
659 507 719 553 iacto

45 570 144 634 collegi,
157 569 353 631 nocteprofectus,
363 585 462 631 praeceps
472 571 495 616 in
506 571 642 632 provinciam
651 573 716 618 obiit:

46 639 82 684 ubi
92 634 255 687 iooousultius,
268 649 333 695 quam
344 642 443 687 venerat,
456 649 480 681 se
489 636 572 696 gessit:
587 650 646 690 narn,
658 652 718 690 cum,

46 703 160 748 concione
170 697 286 763 advocati,
302 698 380 760 iugem
391 714 404 744 e
414 700 493 746 sustris
504 699 534 745 A.
548 699 629 746 Manlii
641 701 720 748 adver-

46 769 76 813 sio
91 765 188 812 curibus
202 763 298 808 militum
313 763 405 825 (quippe
419 765 457 824 qui
467 764 531 825 primi
542 765 584 826 ipsi
598 763 719 826 fugissent)

42 829 162 894 jactasset,
180 828 354 889 ingessissetque
372 829 451 889 probro
470 827 507 874 M.
523 828 600 883 Junio,
618 831 678 890 quod
697 845 722 876 se

46 894 167 942 dedecoris
192 892 278 937 socium
300 891 394 954 collegae
417 891 514 947 iecisset,
545 894 572 940 ed
595 901 735 941 extremum

46 968 172 1018 utrumque
181 956 286 1002 decedere
293 955 407 1017 provincii
412 958 488 1020 jussit.
524 955 605 1020 [Quod
616 973 667 1004 cum
678 959 721 1004 mi·
759 955 762 959 ’

44 1022 110 1088 lites]
121 1021 224 1068 considis
236 1021 329 1082 imperio
343 1021 402 1067 dieto
417 1023 531 1069 audientes
544 1022 632 1069 futuros
647 1020 719 1088 [esee]

46 1089 157 1141 dioereot,
176 1086 270 1139 cumis,
286 1099 349 1131 more
358 1087 475 1148 majorum,
494 1087 615 1133 secundum
630 1095 683 1133 vote
696 1088 720 1133 in

48 1151 166 1214 Capitolio
182 1157 315 1211 nuncupata,
333 1165 385 1196 cum
403 1151 525 1204 lictoribus,
542 1151 658 1212 paludatus
668 1166 721 1213 pro·

45 1218 123 1265 sectum
140 1216 170 1261 ab
187 1214 251 1261 Urbe
265 1220 338 1270 esset3
354 1213 431 1260 furens
445 1213 485 1268 iri,
503 1221 614 1267 vocatum,
633 1216 670 1274 qui
681 1231 721 1276 pro

47 1287 166 1344 «μωσιν
184 1277 266 1324 Manlii
282 1285 336 1331 erat,
358 1286 447 1324 cotenes
465 1279 574 1340 poposcit,
591 1279 679 1325 vinctos
698 1283 723 1325 se
782 1285 785 1293 “

47 1345 147 1395 erium
169 1341 326 1403 Manliumque
346 1343 452 1389 minitans
473 1342 571 1388 Romam
592 1343 719 1388 missurum.

50 1412 89 1457 Ab
98 1425 129 1455 eo
138 1422 231 1468 quoque
238 1415 336 1468 spretum
347 1407 445 1453 consulis
456 1406 572 1467 imperium
584 1413 631 1452 est:
645 1413 668 1452 et
679 1405 723 1451 cir-

50 1472 171 1522 cumfusus
189 1472 306 1525 exercitus,
326 1470 405 1519 fovens
423 1471 582 1533 imperatorum
601 1486 682 1523 ceusae,
700 1478 723 1517 et

49 1535 256 1589 meminimus,
274 1538 359 1583 animos
375 1536 403 1582 ad
418 1550 465 1581 nou
482 1535 602 1597 parendum
620 1535 720 1581 addebat,

51 1600 288 1663 Postremofetigetus
301 1600 380 1647 consul
390 1608 414 1645 et
424 1600 564 1646 contumeliis
575 1599 721 1661 singulorum,

50 1676 75 1715 et
84 1666 235 1713 multitudinis
244 1667 307 1728 (unm
315 1666 405 1726 iusuper
412 1662 542 1723 irridebant)
551 1664 655 1718 ludibriis,
665 1674 722 1711 neue

51 1730 138 1783 cidens,
153 1728 198 1791 qui
207 1736 306 1782 venerut,
319 1729 445 1789 Aquileiam
457 1729 527 1775 rediit.
561 1728 618 1776 Inde
628 1728 722 1791 collegae

51 1796 149 1857 scripsit,
167 1800 193 1839 ut
206 1792 528 1855 miiitumnovorumeiparti‚
547 1808 598 1854 quae
609 1794 722 1855 scriptnin
760 1844 766 1852 q

51 1860 144 1907 istriam
154 1858 291 1919 provinciam
302 1864 368 1910 esset,
380 1858 482 1912 ediceret,
495 1858 621 1919 Aquileiam
632 1866 658 1905 ut
668 1874 723 1905 coo-

51 1925 140 1972 veoiret
146 1939 155 1980 3
173 1936 202 1969 ne
212 1922 265 1982 quid
275 1936 299 1967 se
310 1921 393 1968 Romae
402 1929 496 1976 teneret,
514 1938 557 1983 quo
568 1924 649 1976 miuus,
663 1923 723 1969 votis

52 1987 196 2049 ommpetls,
207 1986 324 2048 paludatus
334 1987 361 2031 ab
374 1985 436 2033 Urbe
446 1988 525 2033 exiret.
558 1986 618 2034 Haec
629 1988 723 2048 collega

50 2056 202 2113 obsequerrter
216 2049 282 2101 iectu,
302 2050 419 2111 brevisque
434 2051 481 2097 dies
500 2052 528 2097 ed
546 2051 722 2097 conveniendum

51 2119 125 2165 edicta
132 2122 177 2163 est·
197 2113 304 2163 Claudius
315 2130 384 2177 prope
394 2121 527 2161 consecutus
538 2122 573 2161 est
580 2116 654 2161 literas
663 2122 720 2160 suus.
800 2130 804 2137 ’

54 2180 176 2231 &sicione
189 2179 309 2226 adveniens
320 2179 349 2226 de
363 2179 452 2225 Manlio
466 2187 489 2225 et
499 2178 516 2227 J
517 2179 569 2224 unio
580 2175 659 2231 habiti,
678 2192 723 2223 non

54 2244 224 2306 ulmltriduum
235 2250 334 2290 moratus
345 2243 434 2296 Romae,
452 2244 576 2305 paludatus,
594 2256 644 2289 cum
658 2241 723 2287 licto-

52 2312 121 2362 rrbus,
130 2310 235 2386 rotisque
244 2309 268 2353 in
278 2306 388 2385 Copitolio
396 2308 536 2383 nuncupetis,
548 2307 571 2352 in
579 2306 724 2395 provinciam,

55 2373 666 2495 &selgfridipigidp'debiismiiissuihitienliusque
684 2448 724 2497 op-

52 2504 140 2579 pidum,
146 2501 286 2555 Nesattium,
304 2517 349 2562 quo
364 2516 388 2547 se
401 2500 512 2563 principes
526 2497 637 2575 istrorum
651 2505 675 2545 et
688 2514 724 2545 re-

53 2561 725 2693 dffiffdttidzls‘ttiitittildi

50 2696 159 2743 molto
170 2708 225 2741 eum
237 2695 283 2741 suis
293 2694 384 2741 ducibus
395 2694 493 2748 dimisso,
510 2694 557 2756 ipse
568 2692 670 2757 oppidum
682 2693 725 2739 cir·
