1792 2950
172 206 219 249 su
289 200 319 247 r.
332 196 417 247 u1v11
434 197 487 244 ms
501 196 581 243 xiv.
593 172 712 245 'cusis
742 176 746 181 '

169 330 226 392 opus
240 336 321 388 essent,
337 335 361 374 et
374 322 583 389 uon'imperissetu
598 325 700 379 alterurn,
718 324 784 385 quod
800 340 839 385 pe-

169 394 256 440 cuniam
270 394 345 454 cipro
359 392 471 439 frumento
485 391 588 437 misisset
624 389 777 437 Masinissam
792 404 837 435 ms-

169 459 266 511 minime,
282 471 376 517 reguum
389 471 402 502 a
416 456 498 517 populo
513 454 618 501 Romano
629 461 722 515 partum
733 460 836 499 sucum-

169 530 247 583 quest
263 516 431 581 multiplicum
446 521 538 567 habere:
557 535 600 565 usu
614 518 680 579 regui
692 524 835 569 contentum,

168 586 231 638 seire,
255 584 376 635 dominium
394 592 417 630 et
428 585 468 645 jus
486 599 570 636 eurtum,
587 584 627 643 qui
646 582 760 634 dederint,
779 596 834 627 esse.

169 650 261 695 Sumere
274 648 349 708 itaque
359 649 456 701 eosdem,
474 663 520 693 nou
531 662 554 693 se
565 662 652 708 rogare,
670 661 768 707 aequum
779 660 834 697 esse,

167 727 238 772 neque
252 727 363 759 metues
378 711 528 758 exfrucusus
541 710 835 773 agriabsedau,quaeui

167 771 303 839 proueniunt.
339 774 367 821 Id
382 776 511 822 Masinissae
526 776 579 821 satis
595 790 646 822 esse
661 781 686 821 et
699 774 758 827 sore,
777 772 836 833 quod

167 840 249 901 populu
260 839 365 887 Romano
376 848 507 901 superesset.
540 838 597 887 Cum
608 840 636 886 iis
647 839 763 885 mandatis
774 852 835 899 spa-

168 912 202 949 tre
211 903 334 965 profectum
341 911 419 965 postea
428 911 560 951 consecutos
567 903 661 963 equites,
673 903 715 963 qui
723 902 834 948 devictam

167 967 323 1015 Maoedoniam
334 968 468 1021 nuntiarent,
480 968 659 1029 gratulatumque
670 967 761 1013 senatui
767 968 833 1028 jubo-

167 1032 223 1078 reut'
230 1032 334 1085 indicare,
352 1039 420 1079 tants
433 1047 482 1079 eam
497 1047 543 1079 reru
554 1032 639 1078 laetitiae
649 1032 709 1093 patri
720 1046 764 1077 suo
775 1046 830 1083 esse,

169 1103 195 1142 ut
204 1096 303 1143 Romam
313 1098 389 1143 venire
404 1096 463 1150 velit,
480 1095 577 1156 Jovique
587 1094 680 1157 Optimo
692 1095 801 1141 Maximo
810 1095 832 1139 iu

167 1158 279 1221 Capitolio
296 1160 422 1213 sacrificare,
440 1167 462 1207 et
479 1167 553 1221 grates
572 1175 652 1221 agere:
671 1159 703 1212 id,
722 1160 766 1204 nisi
783 1174 830 1204 mo·

167 1224 249 1270 lestum
260 1226 296 1278 sit,
308 1233 334 1271 ut
343 1226 364 1271 ei
373 1226 519 1286 permittatur,
530 1225 557 1270 ub
568 1231 646 1271 senatu
656 1222 763 1285 petere.”

200 1288 272 1335 XIV.
291 1288 433 1351 Responsum
449 1289 527 1350 regulo
544 1295 591 1335 est:
616 1286 729 1333 “Facere
744 1294 827 1348 putrem

168 1369 219 1463 {urit
229 1353 461 1480 fflsqqmqrgffi
470 1351 827 1478 iiiiiiiieiniiiiimdeiiiiiinlieqniriiiio

167 1483 240 1528 sdist.
275 1482 423 1544 Etpopulum
433 1482 561 1528 Romulum
573 1483 599 1528 ub
610 1497 643 1535 eo,
661 1482 722 1528 bello
734 1479 824 1532 Punioo,

147 1582 152 1589 ,
166 1545 219 1592 sorti
233 1546 335 1606 fidelique
348 1545 415 1608 operi
429 1547 542 1608 adjutum
559 1553 582 1592 et
596 1546 665 1599 illum,
682 1545 776 1591 favente
789 1560 826 1606 po-

142 1607 147 1623 “’
167 1610 220 1670 pulo
231 1609 342 1664 Romano,
355 1626 448 1673 regnum
457 1609 567 1672 adeptum,
579 1609 696 1672 [aequitute
707 1608 759 1672 sui]
766 1617 825 1670 post·

167 1673 388 1784 gmffiefittriumvrcetgudqu
404 1675 474 1728 bellis,
492 1675 593 1784 duelinff
609 1674 823 1784 miffifuncm

305 1753 312 1782 ι
336 1755 350 1783 o
392 1754 445 1785 vero
579 1753 637 1784 mam
730 1753 780 1783 eum
791 1751 823 1782 ro-

166 1814 219 1860 gem
236 1801 316 1845 mirum
335 1817 381 1847 non
400 1754 510 1862 essepiqiuii
527 1810 608 1849 sortem
624 1817 715 1849 omnem
731 1801 823 1847 fortune

166 1863 274 1924 regnique
284 1864 318 1909 sui
329 1880 380 1911 cum
391 1867 456 1912 rebus
467 1865 575 1913 Romanis
585 1867 750 1914 immiscuisset.
767 1866 824 1912 Gra-

166 1934 200 1972 tes
216 1925 271 1983 Diis
283 1943 324 1988 pro
338 1930 412 1990 populi
427 1930 526 1976 Romani
539 1928 631 1977 victorii
644 1929 703 1997 apud
721 1945 773 1976 suos
786 1944 822 1990 ps-

166 1997 229 2037 ustes
239 1999 329 2053 ageret3
346 1993 429 2041 Romae
442 1994 512 2040 filium
528 2011 569 2056 pro
583 2011 610 2042 eo
621 2001 730 2041 acturum.
765 1994 822 2040 Gra·

166 2055 261 2102 tulatum
272 2071 360 2118 quoque
370 2058 422 2105 satis
433 2074 474 2105 suo
485 2075 511 2106 ao
520 2060 588 2122 patris
598 2059 688 2105 nomine
698 2074 755 2106 esse.
786 2055 821 2118 lp-

167 2135 218 2166 sum
228 2120 350 2181 relinquere
359 2139 461 2185 regnum,
479 2131 502 2170 et
513 2121 590 2170 autea
603 2123 716 2177 excedere,
734 2129 822 2185 prseter-

168 2198 234 2245 quam
251 2186 311 2245 quod
327 2187 358 2233 illi
374 2188 452 2237 inutile
465 2195 530 2242 esset,
549 2203 593 2234 nou
608 2203 658 2246 ease
672 2204 685 2234 e
701 2203 727 2234 re
740 2183 821 2248 publioi

167 2249 243 2310 populi
262 2249 366 2305 Romani,
384 2259 484 2298 senatum
503 2250 619 2301 censere.”
651 2249 742 2298 Petenti
759 2249 821 2296 Mas·

167 2313 238 2374 gabe,
255 2321 281 2359 ut
295 2313 387 2369 Hanno,
405 2315 539 2362 Hamilcaris
554 2315 619 2369 lilius,
637 2317 702 2363 obses
715 2316 819 2362 inlocum

167 2377 184 2403 ⁶
192 2378 207 2404 ⁶
217 2377 324 2439 exigeret.
336 2380 447 2427 ¹Munera
457 2395 484 2427 ex
496 2380 698 2426 senatusconsulto
709 2395 781 2427 emere
788 2393 820 2424 re·

165 2439 221 2497 gulo
229 2444 406 2504 quaestorJ'ussus
414 2451 538 2490 excentum
549 2445 623 2505 pondo
634 2445 728 2506 argenti,
740 2451 761 2490 et
771 2455 819 2504 pro·

165 2502 227 2558 sequi
242 2518 292 2550 eum
309 2505 423 2559 Puteolos,
441 2523 571 2568 omnemque
589 2514 695 2562 sumtum,
712 2509 781 2568 quoad
797 2506 819 2550 in

165 2557 230 2633 Mil}
240 2573 306 2634 estet,
323 2571 427 2628 praebere,
444 2579 467 2616 et
482 2571 535 2616 duas
549 2587 617 2618 naves
628 2571 757 2623 conducere,
773 2570 818 2632 qui-

163 2621 204 2664 bllss
220 2636 267 2698 lpse
281 2631 418 2691 comitesque
429 2635 487 2696 regis
498 2635 521 2681 in
532 2634 632 2682 Africam
647 2633 813 2682 deueherentur:

162 2687 185 2724 rt
201 2689 317 2736 comitibus
333 2696 441 2750 omuiuus,
464 2698 536 2746 liberis
556 2699 675 2760 servisque,
693 2699 815 2747 vumenu
881 2713 882 2720 ¹
