1792 2950
102 132 107 143 “
182 138 312 248 neuun
328 139 379 215 'Lu'
395 167 473 218 xnv.
485 143 552 220 cd.
568 176 618 233 1⁵„
675 151 722 225 ori

68 287 125 346 datu..¹
134 289 139 296 ”
156 286 225 340 Hau'd
235 294 266 339 ita
277 295 347 342 multo
357 305 408 358 post
418 299 446 346 de
456 301 525 347 altero
537 301 664 348 Masinissae
674 302 719 350 filio

68 359 182 420 Misagene
195 358 265 417 literae
279 359 351 406 allatae
368 370 426 416 sunt,
445 366 561 410 “missum
578 381 628 412 eum
643 368 670 412 ab
687 367 715 412 L.

67 421 134 471 Paulo
149 429 199 483 post
213 419 324 468 devictum
340 424 422 472 Persea
431 429 455 472 in
466 429 565 476 Africam
576 445 627 475 cum
638 431 718 490 equiti-

64 489 104 532 bus
120 487 179 542 suis;
195 486 344 546 navigantem,
361 490 459 550 dispersi
477 494 546 539 classe
562 494 585 539 in
603 494 716 541 Adriatico

65 551 123 604 meri,
141 550 284 597 Brundisium
301 553 369 598 tribus
385 555 477 601 navibus
490 572 576 619 aegrurn
592 557 716 604 delatum.”

64 615 100 661 Ad
115 629 166 661 eum
184 629 235 660 cum
254 614 331 660 iisdem
347 619 480 673 muneribus,
497 637 547 681 quae
565 621 616 667 data
633 621 716 670 Rome

61 679 121 724 fratri
137 679 184 740 ejus
198 685 268 732 erant,
286 677 314 724 L.
329 681 447 728 Stertinius
461 691 558 744 quaestor
572 685 715 732 Brundisium

62 743 153 789 missuum
167 743 288 805 Jussusque
297 757 381 798 curare,
399 753 423 792 ut
434 748 493 798 redes
503 749 579 810 hospi·
595 810 622 875 [ἱ

634 815 667 860 tio
680 830 715 862 te-

60 871 113 934 guli‚
131 870 196 918 simul
206 870 286 924 omnis⁴
304 887 353 931 quae
364 873 391 919 ad
402 875 549 922 valetudinem
562 892 617 939 opus
631 886 712 932 essent,
759 891 771 910 ⁹

59 936 207 996 praeberentur
212 951 220 990 ;
238 935 387 997 impensaeque
402 938 518 985 liberaliter
531 955 583 986 curn
599 942 648 1002 ipsi,
666 949 714 987 tum

58 999 100 1046 toti
110 998 222 1044 comitatui
233 1006 389 1059 praestarentur
395 1018 403 1057 ;
415 1017 483 1048 naves
490 1004 557 1048 etiam
568 1012 593 1050 ut
602 1007 714 1066 prospice-

58 1070 141 1114 rentur,
157 1063 235 1122 quious
246 1077 270 1108 se
279 1063 335 1124 liene
348 1079 374 1110 ac
388 1072 438 1110 tuto
448 1067 471 1109 in
482 1065 581 1112 Africam
595 1067 710 1129 trajiceret.

57 1127 175 1187 Eqmtibus
185 1125 279 1188 singulte
288 1128 349 1173 librae
360 1129 453 1189 argenti,
470 1134 493 1173 et
503 1129 609 1192 quingeni
620 1133 714 1177 sestertii

55 1192 102 1237 deri
116 1191 182 1252 jussi.
218 1189 315 1237 Comitia
332 1192 431 1240 creandis
446 1192 470 1236 in
487 1199 614 1250 sequentem
630 1209 712 1240 annum

57 1255 183 1302 consulibus
193 1255 265 1303 habita
275 1263 327 1300 sunt
337 1271 350 1301 a
362 1255 390 1303 C.
401 1255 489 1301 Licinio
504 1256 601 1302 consule·
637 1255 712 1305 creati

56 1319 88 1372 Q
99 1317 174 1380 AElius
184 1316 267 1371 Paetus,
280 1318 316 1364 M.
329 1319 346 1366 J
347 1320 411 1366 unius
422 1319 520 1365 Pennus.
541 1318 596 1364 Inde
606 1328 713 1380 praetores

53 1382 106 1430 facti
115 1381 149 1436 Q·
157 1380 248 1430 Cassius
256 1381 380 1444 longinus,
391 1383 483 1429 Manius
490 1382 610 1429 Juventius
617 1383 711 1438 Thalna,

54 1445 91 1493 Tr.
105 1444 213 1495 Claudius
220 1445 291 1500 Nero,
304 1447 333 1495 A.
345 1447 444 1494 Manlius
455 1445 589 1507 Torquatus,
602 1445 646 1495 Cn.
657 1447 712 1495 Ful-

52 1512 104 1558 vius
120 1510 190 1564 Gillo,
208 1510 238 1558 C.
251 1510 350 1557 Licinius
364 1512 449 1558 Nerva.
484 1511 571 1557 Eodem
586 1527 644 1558 anuo
660 1528 711 1558 een-

53 1591 115 1622 sores
131 1574 168 1620 Ti.
182 1574 324 1636 Sempronius
336 1576 453 1631 Gracchus
463 1582 486 1622 et
497 1574 525 1623 C.
540 1574 646 1623 Claudius
656 1574 711 1622 Pul-

52 1641 106 1687 clrer
121 1654 168 1689 rem
183 1638 219 1684 diu
234 1639 292 1684 inter
302 1654 326 1685 se
336 1640 402 1685 variis
416 1640 592 1686 altercationibus
606 1641 711 1701 agitatam

51 1704 144 1750 tandem
152 1702 254 1749 concordi
262 1703 335 1748 enirm
346 1703 498 1749 decreverimt.
525 1704 647 1757 Gracchus,
660 1719 711 1749 cum

51 1768 155 1820 libertini,
171 1768 250 1812 iterum
263 1766 387 1827 iterumque
401 1769 424 1813 in
434 1774 529 1827 quatuor
539 1769 608 1814 trulum
618 1769 711 1815 urbanas

49 1832 142 1885 sedsed,
155 1845 203 1877 sese
214 1845 288 1875 rursus
298 1844 337 1891 per
348 1846 425 1877 omnes
435 1830 569 1885 effirdissent,
579 1832 712 1894 repullulant

50 1910 141 1957 semper
154 1894 236 1941 malurn
252 1894 354 1941 radicitus
367 1896 489 1959 exstirpare
498 1896 604 1950 voluerat,
621 1912 711 1943 omnes-

49 1976 101 2021 que,
112 1959 150 2019 qui
162 1958 289 2004 seruitutem
301 1959 426 2012 servissent,
437 1964 506 2005 'censu
516 1961 639 2007 excludme.
666 1960 710 2005 Νι-
749 1959 754 1966 “

49 2025 139 2071 tebetur
153 2028 230 2067 contre
245 2020 357 2075 Claudius,
375 2028 398 2068 et
413 2024 521 2084 majorum
535 2024 635 2069 institute
649 2039 711 2069 corn-

47 2086 195 2139 memorsbat,
212 2086 249 2145 qui
259 2085 371 2131 libertinos
382 2086 484 2132 coercere
495 2086 582 2147 saepius,
595 2100 709 2145 nunquam

47 2152 167 2213 prolimere
184 2150 274 2195 omnino
288 2149 383 2202 civitate,
400 2147 530 2195 tenuissent.
565 2150 627 2203 Quin
642 2150 709 2194 etiam

46 2218 76 2263 ab
92 2214 222 2262 censorious
241 2211 269 2261 C.
287 2211 404 2266 Flaminio,
422 2212 451 2258 L.
468 2213 568 2265 AErnilio,
585 2211 666 2272 aliquid
681 2226 711 2258 ex

46 2276 144 2342 pristini
155 2278 271 2325 severitate
280 2276 378 2323 lsxatum
389 2280 438 2322 eise
448 2275 560 2322 referebat.
590 2276 649 2322 Snue
658 2290 710 2321 curn

48 2353 106 2391 tune
117 2339 260 2403 quoquefaex
270 2340 307 2386 illa
316 2340 391 2403 populi
401 2356 440 2402 per
451 2354 528 2386 omnes
539 2340 607 2385 tribus
618 2354 666 2385 sese
676 2338 710 2385 di·

46 2408 148 2460 visisset,
166 2420 258 2465 comque
274 2405 373 2466 redigere
391 2420 467 2451 rursus
482 2404 505 2449 in
521 2403 632 2463 antiquam
648 2403 710 2468 velut

47 2472 128 2519 sedem
145 2469 291 2517 necessarium
308 2468 426 2523 videretur,
444 2468 555 2514 nonnullis
572 2474 646 2513 tannen
662 2468 710 2529 eJus

46 2536 136 2583 ordinis
147 2533 228 2595 aliquid
238 2532 371 2596 praeoipuum
383 2547 513 2579 concessum
523 2537 577 2578 erat.
589 2529 614 2594 ·]

82 2598 143 2649 XV.
155 2594 248 2661 [¹¹Netn
259 2598 285 2645 ab
295 2598 338 2647 illis
348 2595 507 2662 censoribus‘]

438 2716 442 2722 Ι
512 2662 535 2706 in
546 2666 638 2722 quntum
649 2661 712 2709 urba·
