1792 2950
163 149 192 200 ‘lt
206 151 293 200 LIVII
308 151 362 201 Lrs.
376 149 503 200 xxm
522 151 583 202 cnr·
596 157 635 201 86.
700 155 731 205 st

65 293 119 342 que,
128 281 218 334 missis,
235 297 273 342 qur
283 295 324 358 per
333 280 428 342 npmm
439 281 468 328 sd
478 296 539 328 mere
549 290 735 360 proserpmtu'r

66 359 125 400 erun,
137 361 167 392 ne
177 344 222 406 qui
231 346 337 392 rudrerum
348 352 466 399 emaneret,
478 361 565 393 veneno
575 347 672 394 creditur
682 349 734 394 srib-

66 410 209 520 htddeV.
228 471 263 520 Et
270 474 339 534 legati
349 487 363 520 s
374 472 469 535 Philippi
479 474 589 535 colloquio
598 475 630 522 its
640 475 734 538 digressi

66 545 125 592 snnt,
144 545 171 587 ut
184 553 232 600 pree
248 553 271 584 se
280 538 371 589 ferrent,
388 537 442 584 nihil
453 554 529 584 eorrnn
540 539 580 585 sibi
590 537 690 602 pincese:
708 550 733 589 et

65 600 191 664 Philippus,
209 603 306 654 minime,
324 602 376 662 quin
396 602 543 648 rebelisndum
562 611 628 655 esset,
645 604 732 660 dubius,

64 667 117 726 quis
131 674 210 712 tomen
226 667 350 712 immuturse
366 666 395 712 sd
408 665 431 711 id
445 667 503 712 vires
517 675 586 718 erent,
604 668 632 714 sd
645 683 732 716 morum
814 685 818 692 ·

64 730 257 792 interponendam,
275 729 424 782 Demetrium,
437 731 545 776 minorem
555 730 632 783 filiurn,
644 733 733 780 mittere

64 794 173 848 Romsrn,
192 795 258 842 simul
267 794 295 840 sd
305 795 419 855 purganda
430 795 528 847 crimine,
541 795 606 840 simtd
616 796 644 842 sd
654 796 732 858 depre-

65 859 161 905 osndum
177 859 232 904 irum
251 859 348 910 senatos,
367 859 457 915 stntuit3
474 859 527 904 sutis
542 859 640 911 eredens,
658 860 731 922 ipsum

64 923 135 968 etinni
147 923 261 984 juvenen,
279 922 339 982 quod
356 921 437 968 Romae
455 924 519 969 obses
536 924 646 984 specimen
662 926 731 986 regio

64 987 149 1032 indolis
159 987 260 1039 dedisset,
278 987 358 1046 aliquid
368 988 475 1033 momenti
485 987 602 1034 sucturum.
637 987 730 1034 Interim

65 1065 107 1113 per
117 1052 213 1113 speeiem
224 1049 299 1096 auxilii
310 1049 429 1111 Byzantiis
438 1051 530 1104 ferendi,
548 1067 573 1097 re
586 1050 632 1112 ipsi
647 1053 675 1099 sd
685 1059 731 1099 ter·

65 1129 140 1162 rorem
155 1115 238 1176 regulis
252 1113 364 1161 Thiseum
379 1115 527 1177 injiciendum,
544 1115 663 1178 protectus,
679 1131 731 1178 per.

65 1179 133 1226 enisis
152 1180 179 1226 iis
198 1194 243 1225 uno
261 1179 347 1240 proelio‚
365 1187 388 1226 et
407 1179 523 1226 Amadoco
542 1179 598 1227 duce
615 1188 686 1288 cepto
706 1182 731 1226 io

65 1243 224 1290 homonum
240 1243 317 1299 rediit;
335 1243 408 1289 missis
423 1243 451 1289 sd
465 1244 550 1290 sceolss
566 1242 618 1290 istri
649 1245 730 1291 inninis

64 1308 176 1360 bnrhsros,
189 1315 214 1354 ut
224 1308 247 1352 in
259 1306 345 1354 Italism
357 1309 510 1368 irrumperent,
521 1308 675 1353 sollicitandos.
697 1307 731 1354 Et

64 1373 88 1417 in
100 1370 257 1432 Peloponneso
265 1373 372 1418 adventus
383 1371 538 1417 Romanorum
548 1372 680 1431 legatorum,
692 1373 731 1430 qui

65 1449 96 1483 ex
110 1434 244 1483 Msoedonii
257 1437 281 1482 in
296 1436 405 1483 Achaiam
419 1435 452 1481 ire
458 1435 515 1497 jussi
529 1443 600 1487 erent,
615 1441 731 1495 exspecte-

64 1502 145 1547 betur:
165 1501 269 1547 adversus
283 1516 339 1562 quos
350 1508 375 1546 ut
385 1507 508 1561 praepnrutn
517 1499 608 1544 consilis
618 1500 730 1554 heberent,

66 1562 181 1625 Lycortas
194 1573 275 1625 praetor
289 1564 407 1611 concilium
418 1564 505 1610 indixit·
541 1562 575 1609 Ibi
586 1563 614 1608 de
624 1561 732 1611 Incede·

65 1628 148 1674 moniis
159 1636 239 1675 sotum.
262 1636 278 1659 ⁴⁴
289 1628 328 1675 Ex
338 1629 437 1675 hostibus
448 1642 487 1674 eos
494 1634 634 1673 accusatores
643 1626 727 1674 sectos:

65 1700 89 1739 et
97 1693 218 1755 perieulum
227 1709 283 1746 esse,
295 1708 324 1739 ne
331 1694 383 1738 victi
392 1693 464 1755 magis
471 1693 562 1739 timendi
572 1691 653 1743 forent,
663 1706 729 1753 qnsm

63 1757 174 1805 bellmtes
192 1757 298 1805 fuissent:
320 1758 400 1819 quippe
418 1758 441 1803 in
459 1757 518 1803 bello
535 1758 601 1802 sociis
619 1756 730 1803 Romanis

64 1822 167 1869 Aehaeos
175 1836 242 1879 usos;
253 1836 312 1868 nuno
320 1822 408 1867 eosdem
417 1820 534 1867 Romanos
542 1822 649 1882 sequiores
658 1820 731 1867 Lme-

64 1886 191 1938 daemoniis,
206 1900 271 1946 quam
289 1886 387 1938 Achaeis,
405 1896 467 1931 esse:
485 1886 522 1931 ubi
536 1886 609 1932 Areus
623 1885 689 1931 etism
707 1891 731 1931 et

65 1949 200 2003 Alabisdes,
218 1952 283 1996 ambo
292 1950 388 2001 exsules,
406 1964 447 1995 sno
459 1949 564 1995 beneficio
579 1950 682 2003 restituti,
697 1948 731 1996 le·

64 2014 179 2077 gationem
188 2014 285 2061 Romam
296 2015 402 2061 adversus
412 2022 502 2075 gentem
514 2014 649 2061 senaeonm
661 2014 692 2059 its
702 2013 731 2060 de

63 2080 118 2141 ipsis
132 2080 234 2125 meritum
250 2080 403 2141 suscepissent,
421 2079 519 2139 adeoque
535 2076 615 2123 infesti
631 2076 732 2122 orstione

64 2144 99 2190 usi
109 2150 194 2197 essent,
210 2150 235 2189 ut
245 2143 315 2205 putris
324 2143 388 2204 ptdsi,
404 2156 450 2187 non
461 2142 555 2189 restituti
565 2143 589 2185 in
600 2155 657 2191 esm,
668 2138 732 2185 vide-

64 2206 170 2255 rentur.”
205 2206 297 2254 Clsmor
307 2206 403 2267 undique
414 2214 483 2259 ortus,
499 2205 590 2251 referret
600 2202 731 2249 nominetim
822 2252 826 2259 ,

65 2271 93 2318 de
106 2272 148 2317 iis:
169 2278 198 2324 et,
215 2286 266 2317 eum
281 2272 355 2317 omnin
369 2268 408 2323 tri,
425 2285 471 2315 non
481 2269 580 2320 consilio,
593 2273 730 2329 gererentur,

65 2336 143 2398 ospitis
153 2336 252 2382 dsmumi
265 2344 324 2383 sunt.
360 2334 448 2381 Paucos
461 2340 513 2394 post
528 2331 574 2377 dies
588 2330 686 2377 Romani
699 2329 733 2376 le·

64 2401 113 2462 gnti
123 2408 247 2447 venerunt:
264 2401 299 2447 his
310 2398 396 2448 Ciitore
406 2398 430 2443 in
441 2394 538 2443 Arondid
547 2395 623 2442 datum
634 2402 668 2441 est
678 2405 733 2441 eon·

65 2465 149 2510 cilium.

96 2526 222 2575 XXXVI.
247 2527 380 2589 Priusquam
401 2531 494 2589 agerent
513 2524 639 2585 quidquem,
662 2529 735 2569 terror

65 2591 160 2639 Acnaen
169 2594 265 2656 injectus
275 2600 330 2644 erat,
342 2598 364 2637 et
376 2590 490 2653 cogitatio,
502 2603 569 2649 quum
579 2601 625 2635 non
632 2600 662 2634 ex
670 2600 735 2646 aquo

57 2657 197 2717 disceptatio
207 2656 282 2705 futura
297 2663 370 2713 esset;
386 2654 446 2715 quod
457 2653 543 2700 Areum
555 2660 579 2701 et
589 2650 733 2718 Alcibiadem

98 2736 151 2768 von.
166 2736 188 2765 v.
496 2733 511 2763 n
