1792 2950
221 175 445 228 ιιιιοιιιιιιι
460 175 581 228 ιιινιιι
677 145 729 229 ἰιι
775 246 777 251 Ι

72 297 169 356 Persius
177 303 237 355 Ceto
245 307 320 361 sunsit,
332 314 358 356 ut
366 296 593 371 Csrtbsginiensrbus,
605 300 657 355 enm
665 308 734 356 Asio-

72 371 200 424 bsrzsnem,
218 371 291 432 specie
305 378 382 418 contra
397 372 541 422 Masinissam
555 387 639 435 regem,
656 373 696 419 sed
710 387 736 421 rs

71 434 127 481 veni
142 443 220 482 oontrs
230 435 352 489 Romanos,
370 438 472 492 nocitum,
489 439 513 484 iu
526 436 607 484 finibus
620 438 734 492 bsberent,

71 499 154 546 bellum
165 497 305 547 indio'eretur.
340 499 513 548 contradicente
527 501 554 548 P
568 500 675 558 Cornelio
684 499 735 548 Ns-

72 562 125 617 sioi,
143 564 244 626 placuit,
250 565 337 626 legatos
347 565 405 610 mitti
421 563 587 628 Carthaginem,
604 561 650 626 qui
657 579 736 627 specu-

44 645 48 655 ’
70 626 179 682 Ιιιιειιιιιι,
191 628 244 688 quid
254 636 364 690 ageretur
399 627 605 692 castigatorem
616 628 735 692 Carthagi·

72 691 192 745 niensium,
210 693 276 752 quod,
294 699 372 739 eostre
385 692 466 746 foedus,
483 702 507 740 et
521 694 643 741 exereitum
657 701 680 740 et
694 708 735 740 ns-
812 694 815 703 ’

71 757 135 802 veles
146 757 248 803 meterius
259 757 370 810 luberent,
388 772 465 818 parem
477 758 535 806 iuter
545 773 584 804 eos
594 765 618 804 et
627 757 736 804 Mssinis-

73 819 336 874 ssmssoerevoluerunt,
348 819 470 868 Μιιιιιιιιι
480 837 542 884 egro,
554 823 582 868 (le
592 822 735 883 quoliserst,
808 817 811 820 ’

73 885 175 932 cedente.
211 885 256 931 Sed
271 885 351 947 Gisgo,
370 885 505 933 Hamilcaris
517 886 584 939 iilius,
600 885 738 933 bomoaetli-

74 949 155 1002 tiosus,
164 949 201 1010 qui
212 950 279 995 tuno'
273 964 297 994 ιιι
307 949 438 1012 magistratu
450 958 505 1004 erst,
517 965 568 997 eum
579 957 669 997 senstus
678 950 738 1012 psri-

74 1015 152 1060 tur'um
169 1013 290 1075 sejudicio
307 1010 409 1078 [legetis]
427 1015 525 1067 dixisset,
542 1015 580 1067 its,
596 1015 679 1061 bellum
698 1015 738 1061 sd·

72 1093 155 1124 versus
160 1076 276 1133 Romanos
282 1077 400 1131 suadendo
411 1079 538 1131 concitsvit,
546 1084 571 1123 ut
578 1078 672 1139 legulos,
681 1093 739 1139 quo·

74 1143 152 1188 minus
165 1141 307 1196 violsrenmr,
323 1142 378 1203 fuge
388 1142 525 1203 explicuerit.
560 1140 588 1186 Id
601 1143 738 1198 nuntiantes,

74 1205 202 1253 infestum
193 1221 240 1268 Jmn
252 1213 352 1252 senatum
364 1204 590 1267 Csnhuginienssisus,
602 1204 739 1253 infestiorem

73 1271 185 1318 fecerunt.
218 1271 256 1317 Μ.
270 1270 364 1316 Porcius
376 1267 434 1318 Ceto
444 1270 510 1323 filiis
503 1267 634 1331 rupraeturi
647 1270 738 1325 mortui,

74 1335 146 1382 funus
155 1334 291 1387 tenuissimo,
304 1343 330 1380 ut
340 1335 416 1387 valuit,
429 1336 492 1397 (nsm
503 1348 586 1396 psuper
595 1331 654 1409 eret)
664 1340 740 1380 sumtu

74 1399 138 1446 feeit.
173 1399 303 1451 Andriscus,
322 1399 395 1459 quise
407 1398 484 1445 Persei
497 1397 575 1450 tuum,
592 1398 652 1459 regis
666 1412 740 1458 quou-

75 1463 129 1511 dsm
146 1461 294 1517 Msoedoniae,
316 1463 402 1525 ingenti
420 1462 582 1511 asseveratione
600 1463 739 1517 mentiretur,

76 1529 177 1576 Romam
188 1529 275 1575 missus.
306 1528 342 1575 M.
353 1528 460 1574 AEmilius
471 1528 577 1589 lepidus,
589 1528 627 1588 qui
636 1528 740 1591 princeps

76 1593 169 1640 senatus
177 1592 204 1639 nb
212 1594 332 1654 sextisjsm
341 1594 469 1639 censoribus
477 1600 524 1639 erut
531 1593 610 1647 lectus,
622 1599 741 1652 antequem

76 1656 207 1719 exspiraret,
220 1657 326 1717 precepit
336 1656 393 1709 filiis,
405 1657 465 1703 lecto
476 1672 501 1703 se
512 1662 589 1709 strato,
601 1656 649 1702 sine
658 1656 740 1711 linteis,

77 1722 127 1770 sine
138 1720 241 1782 purpuri,
253 1719 371 1777 efferrent3
388 1722 411 1767 in
428 1721 536 1781 reliquum
553 1720 622 1767 funus
639 1736 668 1767 ne
682 1722 740 1783 plus,
786 1742 793 1755 ι

78 1800 147 1848 qussn
166 1784 218 1831 aeris
237 1784 312 1838 denos,
330 1792 499 1832 consumerentr
517 1786 660 1847 imsginum'
712 1786 740 1840 'e‚

77 1865 126 1898 non
143 1850 258 1902 sumtibus,
276 1850 384 1896 nobilitari
400 1864 533 1912 magnorum
550 1850 649 1896 virorum
660 1800 743 1897 ffers

78 1915 159 1963 sotere
185 1913 224 1960 De
234 1912 347 1964 veneficiis
357 1914 483 1974 quesitum.
502 1914 603 1961 Publicis
612 1921 636 1961 et
647 1913 742 1968 lisinis,

78 1980 165 2030 nobiles
179 1977 276 2032 feminee,
293 1992 345 2037 quae
361 1979 423 2025 viros
439 1994 492 2026 suos
509 1980 636 2025 consuleres
652 1977 745 2025 ussisse

77 2040 378 2103 lusimulsbsntur,·eogniti
396 2040 469 2096 causi,
486 2058 537 2089 oum
554 2044 645 2104 pretori
662 2058 703 2103 pro
719 2056 745 2088 se

78 2108 149 2155 vsrles
168 2106 286 2159 dedissent,
304 2113 450 2167 cognatorum
469 2106 559 2153 decreto
577 2113 663 2152 neestse
682 2111 742 2151 sunt.

80 2172 189 2225 Gulussa,
207 2169 337 2217 Masinissae
357 2170 422 2222 lilius,
444 2170 589 2224 denuntiarit,
607 2168 745 2230 Csrtbsgins

79 2238 180 2285 delectus
194 2235 238 2297 egi,
251 2234 344 2281 elsssem
355 2235 483 2294 comparari,
496 2241 520 2280 et
528 2233 588 2280 neus
597 2232 688 2279 dubium
698 2233 746 2279 bel-

79 2303 129 2349 lum
145 2300 206 2347 strui.
242 2297 303 2347 Cum
319 2297 377 2346 Crto
392 2298 501 2352 susderet,
517 2296 746 2344 utiisbellumindi-

81 2372 177 2417 seretur,
195 2363 223 2410 P.
235 2360 341 2411 Cor'nelio
352 2359 437 2409 Nasici
446 2362 540 2414 dioente,
553 2361 608 2407 nibil
617 2366 702 2407 temere
711 2359 747 2407 fs·

80 2428 193 2481 ciendum,
210 2427 300 2490 placuit,
320 2428 406 2474 (leuem
416 2426 475 2472 mitti
492 2426 580 2487 legstos
597 2425 745 2486 explorstuns.

42 2545 49 2561 Ι
80 2492 112 2541 L.
127 2492 228 2539 licinius
245 2490 361 2546 Lucullus,
379 2490 409 2538 A.
424 2489 555 2537 Postumius
571 2488 674 2544 Albinus,
691 2493 747 2536 eori-

81 2558 150 2609 sules,
168 2571 219 2603 cum
231 2556 341 2603 delectum
354 2570 431 2603 severe
445 2561 545 2617 egerent,
562 2568 604 2601 nec
614 2568 747 2631 quemquem

81 2618 156 2698 grstii
166 2619 310 2674 dimitterent,
327 2622 355 2667 sb
365 2619 459 2667 tribunis
469 2619 546 2681 plebis,
563 2619 602 2680 qui
615 2632 657 2681 pro
669 2619 748 2666 smieis

82 2686 131 2735 suis
141 2685 280 2734 vsostioneur
291 2686 408 2749 impetrare
419 2699 465 2733 non
475 2691 585 2747 poterunt,
601 2684 625 2733 in
636 2695 748 2733 esrosresn

117 2764 171 2796 ros.
184 2763 206 2795 ι.
