1792 2950
205 143 233 201 Τ.
246 143 335 194 LIVII
351 145 403 194 Im·
417 146 472 195 XL·
493 145 552 196 Cn.
566 153 605 196 86.
707 156 738 210 95

74 281 152 326 m
159 273 260 339 impetis²
275 275 397 322 exereitum
409 276 482 323 mittis
501 291 561 324 novo
575 285 649 324 sutem
659 292 689 328 sn
699 295 739 327 ve-

74 349 121 397 tere
129 338 231 386 motu
241 354 298 401 opus
309 339 344 393 sit,
359 342 408 402 ejus
418 355 468 387 esse
478 340 557 395 dicere,
572 343 610 402 qui
620 343 676 389 scire
687 359 739 404 pos-

72 406 108 459 ἀί,
124 402 171 464 qut
183 402 228 450 fide
241 402 347 452 Celtiberi
356 405 380 450 in
390 421 444 466 paee
454 407 552 452 mansuri
564 408 621 464 sint;
640 408 739 454 simulet

70 470 108 530 qui
119 469 176 516 illud
185 468 325 529 exploratum
336 469 420 523 hebeat,
432 471 545 530 quieturos
555 471 644 525 milites,
661 473 680 519 si
691 472 740 518 diu.

69 535 115 580 tius
133 535 159 579 in
176 530 291 594 provincii
307 534 448 580 retineantur.
484 535 508 580 Si
525 550 554 582 ex
570 551 604 589 eo,
624 537 683 596 quod
700 545 739 586 eut

68 599 128 647 iuter
137 613 165 645 se
174 597 301 657 loquentiu,
315 605 354 644 eut
365 599 570 646 succlamationibus
581 601 639 662 apud
649 602 739 648 concio-

67 670 163 710 nantem
176 662 333 722 imperatorem
346 662 479 724 significent,
496 664 553 724 qnid¹
563 666 666 719 sentiant,
683 681 738 712 oon-

62 727 197 791 jectnnslum
212 727 242 772 sit
247 743 256 782 ;
272 727 344 788 pelam
358 727 491 774 vociferatos
501 743 557 782 esse,
572 737 610 776 aut
620 731 739 792 imperato-

67 808 117 840 rem
133 792 159 836 in
173 789 288 852 provincii
302 798 434 845 retenturos,
452 800 490 839 sut
505 808 556 839 cum
571 809 598 840 eo
612 795 636 840 in
650 793 737 842 Italiam

66 864 177 905 senum
187 853 265 902 esse·”
297 854 498 916 Disceptationem,
509 858 567 904 inter
576 866 695 918 praetorem
706 860 739 905 le-

66 929 202 984 putumque,
218 919 334 966 censuum
350 921 426 968 relsb'o
440 922 558 983 interrupit
563 939 571 978 ;
588 924 625 982 qui
637 939 687 970 sues
701 939 738 969 or-

16 1010 17 1013 *
66 987 117 1034 nsri
131 984 266 1047 pmvineiss,
282 985 411 1045 priusquam
425 985 453 1031 de
462 988 564 1046 praetorr's
574 988 673 1034 enercitu
684 1003 737 1049 age·

66 1058 140 1103 reuss,
161 1064 251 1109 aequum
272 1050 398 1096 censebant.
436 1049 517 1096 Novus
537 1052 609 1098 omnis
627 1053 737 1098 exercitus

66 1114 198 1162 oonsulibus
205 1121 242 1159 est
251 1112 366 1160 decretusz
383 1114 442 1160 binae
452 1114 553 1176 legiones
564 1115 673 1162 Romanae
684 1131 735 1162 cum

65 1195 109 1226 srso
118 1179 230 1238 equitnm,
241 1186 266 1224 et
275 1178 361 1224 socillm
369 1176 445 1225 Intini
457 1180 559 1232 nominis,
571 1187 666 1239 quantus
677 1196 737 1226 sem-

64 1260 107 1306 per
116 1257 234 1295 numerus,
249 1243 374 1302 quindecim
389 1243 458 1289 millis
471 1244 570 1305 pediturn
581 1251 604 1290 et
614 1244 736 1305 octingenti

64 1309 162 1370 quita
198 1305 259 1355 Cum
277 1308 320 1353 hoc
338 1308 437 1353 exercitu
456 1308 557 1369 Apuanis
575 1306 695 1367 Liguribus
711 1314 737 1353 ut

64 1373 151 1420 bellum
161 1369 276 1423 inferrent,
290 1372 472 1418 mandatumest.
507 1369 535 1416 P.
548 1369 653 1418 Cornelio
664 1378 686 1416 et
696 1370 733 1416 M.

65 1436 149 1485 Balsio
158 1442 306 1498 prorogetum
316 1435 439 1497 imperium,
452 1434 553 1497 jussique
563 1434 687 1496 provincias
698 1435 737 1481 ob-

65 1503 146 1555 tinere,
166 1502 240 1547 donee
256 1501 357 1547 consules
372 1502 499 1547 venissent:
525 1507 579 1552 tum,
596 1500 735 1559 imperatum,

66 1574 100 1620 ut,
116 1566 218 1617 emino,
234 1580 302 1625 qssem
316 1566 429 1617 baberent,
450 1564 556 1617 exercitu,
574 1570 736 1611 reverterentur
756 1578 765 1589 ·

64 1631 174 1679 linum
210 1628 251 1676 De
264 1628 301 1675 Tr.
315 1628 441 1690 Sempronii
455 1628 534 1675 deinde
547 1628 646 1675 exercitu
662 1635 736 1675 actum

63 1703 113 1742 est:
134 1708 218 1741 novem
228 1694 341 1755 legionen
351 1693 372 1740 ei
382 1694 480 1753 quinque
490 1694 583 1739 millium
594 1700 617 1739 et
630 1693 737 1740 ducento-

64 1775 118 1807 rum
132 1759 241 1820 peditum,
256 1774 308 1806 eum
322 1758 432 1818 equitibus
444 1758 618 1820 quadringentis,
634 1758 737 1805 consules

65 1824 164 1871 sersssere
172 1823 247 1885 jussi;
262 1830 286 1870 et
297 1822 357 1869 mile
367 1831 475 1883 praeteres
484 1823 581 1884 peditum
593 1823 674 1869 civium
686 1822 736 1869 Ro·

64 1903 194 1999 w
210 1888 483 1999 ηὼηωριῖὦᾚι
495 1888 606 2013 peetdistociis
619 1888 736 2001 irionemine

170 1967 202 1999 rm
300 1967 339 2012 sep
555 1968 601 2006 um,
684 1968 698 1997 n
710 1966 737 1997 os

62 2018 161 2079 equites
220 2032 258 2063 um
269 2017 313 2063 boo
323 2016 421 2068 exercitu
430 2017 514 2077 plsouit
524 2017 556 2063 ire
566 2017 589 2063 in
601 2014 735 2077 Hispaniam

62 2083 194 2131 citeriorem
209 2080 246 2127 'li-
258 2081 420 2142 Sempronium,
456 2081 489 2135 Q„
500 2080 580 2127 Fulvio
595 2081 735 2141 permissum,

64 2156 100 2201 nt,
119 2146 160 2207 qui
175 2145 264 2199 milites,
283 2153 336 2193 onte
352 2145 392 2207 sp.
404 2144 553 2197 Postumium,
575 2143 608 2197 Q.
622 2142 735 2189 Marcium

63 2212 180 2265 consistes,
196 2210 257 2257 cives
269 2209 368 2257 Romsni
378 2211 467 2263 sociive,
484 2210 507 2255 in
519 2206 652 2269 Hispaniam
663 2212 737 2253 trans·

62 2276 241 2339 pomtiessmt,
252 2282 396 2336 etpraeterea,
409 2275 562 2336 supplemento
570 2271 672 2322 adducto,
681 2276 737 2329 quot

63 2341 163 2402 smpbss
186 2340 271 2388 duabus
290 2338 421 2401 legionibus,
445 2353 512 2398 quern
532 2337 608 2383 decern
627 2334 695 2381 millis
713 2340 736 2381 et

63 2404 226 2467 qrrsrlringesti
238 2404 329 2465 pedites,
345 2404 445 2453 sexcenti
453 2402 546 2462 equites,
559 2405 648 2455 essent;
665 2406 688 2445 et
699 2414 737 2445 so·

62 2471 126 2519 otum
135 2468 214 2516 latini
222 2469 319 2516 nomin&
324 2468 442 2524 duodedm
451 2466 525 2519 millis,
535 2462 634 2513 sexcenti
642 2463 734 2523 equites,

63 2528 739 2656 ffliliffiiiffli'iiiiiiiillssil

554 2626 561 2649 ,
723 2619 736 2631 .

64 2672 132 2712 issu.
167 2662 202 2711 Et
217 2663 388 2725 supplicetiones
403 2662 507 2717 &metes
524 2660 584 2722 quod
597 2659 737 2721 inprospere
