1792 2950
189 157 220 206 Τ.
235 155 323 205 LIVIl
338 157 460 208 Las-XL·
479 157 540 208 Car.
552 163 593 206 22
692 167 722 210 81

61 289 91 335 sit
101 288 124 334 ia
134 287 232 348 incepto,
243 301 272 333 an
282 287 441 334 abstinendum.
477 288 502 336 si
512 296 591 350 pergat
601 296 675 339 tamea
685 290 727 344 iro,

60 367 107 398 non
118 366 186 414 posse
196 349 295 398 oblivisci
306 353 363 398 sein
374 352 452 398 tabbus
462 353 527 399 rebus
537 354 649 416 Antigoni
652 370 662 408 ς
678 356 724 415 qui,

59 415 266 476 saevistempestrte
275 417 378 476 jactatus,
395 432 446 462 cura
460 417 484 462 in
494 415 570 464 eidem
582 433 639 464 nave
648 434 725 466 secum

58 495 112 528 suos
123 494 204 526 omnes
214 479 331 532 habuisset,
346 481 478 541 praecepisse
486 482 558 528 liberis
569 481 684 536 diceretur,
699 491 728 532 ut

57 551 81 592 et
91 546 135 606 ipsi
147 543 306 596 meminissent,
320 552 343 590 et
353 544 384 590 ita
394 546 488 605 posteris
497 546 621 606 proderent,
637 561 666 594 ue
676 549 727 608 quis

57 624 111 655 cum
123 605 251 668 satagente
261 608 326 654 simul
336 609 359 652 in
370 610 434 654 rebus
445 608 514 655 dubiis
528 611 644 671 periclitari
658 613 725 659 aude

56 681 99 720 ret.
137 671 266 718 Memorem
282 687 336 733 ergo
353 688 377 718 se
391 674 497 734 praecepti
511 675 565 739 ejus,
585 675 641 720 duos
659 677 726 726 simul

55 737 117 783 tilios
137 751 184 782 nou
202 736 370 782 commissurum
387 738 411 782 in
429 737 499 784 aleam
515 739 569 799 ejus,
590 741 628 798 qui
642 755 726 802 propo-

55 807 159 853 neretur,
177 800 254 855 casda3
277 807 307 852 et,
323 802 426 860 quoniam
443 803 548 864 majoren
562 803 632 848 lilium
648 819 726 852 secsun

55 867 160 916 duceret,
176 864 283 909 minorem
296 865 323 910 ad
334 865 427 912 subsidia
437 867 484 926 spei
494 873 518 914 et
527 867 649 913 custodiam
661 870 724 930 regul

55 929 205 976 remissurum
216 929 238 973 in
250 928 405 974 Macedoniam
416 945 471 976 esse.
476 929 492 948 ”
516 930 571 976 Non
578 931 666 978 fallebat
673 932 724 979 De-

54 992 174 1044 metrium,
185 992 279 1052 ablegari
290 1008 320 1045 se,
333 1008 362 1038 ue
372 994 458 1040 adesset
467 995 566 1048 consilio,
578 1011 629 1042 cum
637 997 661 1042 in
669 1011 725 1043 con·

55 1063 140 1119 spectu
155 1056 253 1102 locorum
270 1057 411 1111 consultaret,
428 1056 472 1117 qud
486 1060 587 1120 proxime
601 1061 680 1107 itinera
695 1061 725 1110 ad

55 1137 122 1167 mare
141 1120 280 1166 Adriaticum
299 1127 365 1180 atque
387 1121 474 1168 ltaliam
495 1123 606 1177 ducerent,
629 1141 725 1186 queque

53 1186 109 1232 belli
128 1185 185 1230 ratio
204 1192 263 1230 esset
280 1183 367 1232 futura:
385 1187 433 1232 ‘sed
451 1201 496 1232 non
515 1188 586 1233 solum
602 1188 722 1249 parendum
742 1213 747 1220 ·

54 1250 115 1311 patri
129 1257 185 1302 tum,
204 1249 242 1294 sed
256 1248 321 1294 etiam
337 1250 499 1296 assentiendum
513 1259 567 1304 erat,
584 1266 613 1298 ne
627 1253 723 1298 invitum

54 1329 136 1375 parere
151 1313 297 1373 suspicionem
312 1312 400 1359 faceret.
436 1313 472 1360 Ut
482 1322 556 1360 tamen
566 1315 609 1360 iter
619 1315 639 1360 ei
649 1322 724 1364 tutum

54 1379 80 1424 in
101 1377 258 1424 Macedoniam
278 1384 342 1430 esset,
363 1377 443 1430 Didas,
463 1391 493 1422 ex
510 1379 641 1438 praetoribus
657 1380 725 1440 regiis

55 1456 125 1495 unus,
141 1442 180 1501 qui
191 1439 290 1489 Paeonioe
304 1448 403 1503 praerat,
415 1442 494 1503 J'ussus
508 1448 542 1488 est
555 1441 658 1502 prosequi
672 1458 724 1489 eum

54 1522 112 1555 cum
124 1506 209 1551 modico
219 1506 328 1567 praesidio.
363 1505 435 1551 Hunc
445 1520 534 1565 quoque
548 1505 651 1560 Perseus,
667 1507 725 1555 sicut

54 1571 177 1633 plerosque
186 1570 253 1631 patris
263 1571 390 1624 amicorum,
407 1584 436 1615 err
445 1585 490 1629 quo
501 1569 559 1617 haud
572 1570 661 1617 dubium
676 1572 724 1617 cui-

54 1648 127 1695 quam
136 1649 185 1680 esse
192 1641 294 1696 coeperat,
304 1634 331 1681 ad
339 1650 411 1695 quem,
422 1635 453 1680 ita
460 1634 565 1681 inclinato
573 1635 632 1697 regis
640 1636 722 1690 animo,

55 1698 176 1747 haereditas
187 1699 249 1761 regni
260 1700 385 1759 pertineret,
401 1698 459 1745 inter
473 1700 598 1761 conjuratos
612 1700 636 1745 iu
649 1700 724 1751 fratris

54 1764 179 1825 perniciem
193 1764 274 1809 babuit.
309 1761 337 1808 In
352 1764 470 1825 praesentia
483 1763 521 1809 dat
536 1765 556 1811 ei
570 1765 679 1820 mandata,
697 1771 726 1817 ut

55 1842 98 1889 per
109 1842 177 1873 omne
192 1827 318 1887 obsequium
333 1828 454 1873 insinuaret
468 1843 492 1875 se
506 1829 530 1873 in
543 1844 609 1889 quam
624 1831 721 1878 maxime

54 1891 189 1937 familiarem
200 1906 270 1945 urum,
287 1898 312 1936 ut
323 1891 401 1937 elicere
413 1893 488 1939 omnis
501 1909 587 1948 aroana,
604 1895 723 1956 speesssari.

51 1971 103 2016 -que
116 1955 201 2001 abditos
215 1956 263 2017 ejus
277 1969 362 2009 sensus,
377 1964 459 2016 posset.
494 1956 530 2005 lta
540 1958 661 2019 digreditur
671 1959 723 2009 De·

56 2020 152 2067 metrius
167 2034 220 2067 cum
235 2018 389 2073 infestioribus,
406 2036 473 2079 quam
489 2021 507 2066 si
522 2024 583 2071 solus
595 2023 645 2077 iret,
661 2036 723 2083 pm·

56 2086 126 2131 sidiis.

90 2146 178 2204 xxu.
198 2147 319 2209 Philippus,
334 2148 455 2198 Maedicam
465 2150 568 2209 primum,
580 2150 658 2198 ddnde
669 2149 724 2194 soli·

56 2212 146 2260 tudines
164 2213 318 2273 inteq'scentes
335 2212 441 2259 Maedicae
459 2221 525 2273 atque
544 2212 630 2260 Haemo
648 2220 725 2258 um

56 2292 157 2339 gressus,
178 2276 275 2337 septimis
294 2276 383 2322 demum
401 2276 479 2322 castris
497 2276 525 2321 ad
540 2276 624 2323 radices
639 2277 723 2324 montis

56 2342 165 2403 pervenit.
204 2338 238 2386 lbi
256 2354 325 2385 unum
344 2347 442 2386 moratus
461 2340 519 2385 diem
538 2340 566 2385 ad
584 2339 721 2401 deligendos,

57 2420 114 2467 quos
134 2404 224 2451 duceret
245 2419 326 2457 secum,
349 2405 414 2450 tertio
433 2404 469 2449 die
487 2404 528 2450 iter
546 2411 581 2450 est
598 2405 719 2465 ingressus.
771 2446 777 2453 .

57 2468 165 2515 Modicus
175 2468 246 2529 primo
258 2468 319 2515 labor
333 2469 356 2513 in
370 2469 420 2514 imis
434 2467 526 2515 collibus
539 2467 594 2515 fuit:
614 2476 739 2528 quantum·

57 2533 80 2577 in
91 2532 229 2579 altitudinem
244 2532 416 2593 egrediebantur,
432 2531 505 2592 magis
518 2534 633 2593 magisque
642 2534 722 2579 silves.

56 2596 99 2645 tria
117 2603 141 2642 et
158 2596 262 2657 pleraque
278 2596 338 2643 invia
353 2596 402 2643 loca
416 2595 560 2656 excipiebant.
594 2594 721 2648 Pervenisse

58 2659 137 2716 deime
147 2660 171 2707 in
182 2667 227 2707 tam
238 2673 330 2721 opacum
341 2660 389 2717 iter,
402 2666 433 2717 ut,
445 2674 492 2721 prae
502 2659 610 2709 densime
617 2662 720 2712 arborum
