1792 2950
194 166 327 218 T.1,1v11
344 171 396 220 Lm
412 173 466 221 XL.
486 173 546 224 Cur.
560 180 599 225 29.
701 181 731 225 87

100 297 225 346 XXVIII.
244 300 304 348 Rus
313 303 346 348 eis
356 310 447 350 montes
455 311 527 352 eastra
538 305 648 368 Ligurum
660 313 730 352 erant.

66 363 148 420 Exiis,
158 366 243 426 primis
258 366 340 420 diebrrs,
357 369 405 414 sole
418 376 475 424 orto,
491 371 572 432 puriter
583 385 660 417 omnes
671 385 734 416 eom·

64 430 131 490 positi
149 437 174 476 et
192 430 295 476 instructi
310 433 470 493 mordebunt:
494 441 550 489 tum,
571 436 613 481 nisi
632 435 734 481 exsatiati

64 495 113 540 (iiio
126 495 234 554 vinoque,
251 510 313 542 arma
325 511 372 542 non
386 499 512 559 capiebant:
534 500 633 562 dispersi,
649 499 734 545 inordi-
829 515 834 528 ¹

19 581 28 598 ·
63 560 110 605 mii
120 559 228 615 en'irant;
245 561 409 622 utquibuspro
421 578 460 623 spe
474 569 560 609 eertum
574 571 640 618 esset,
655 565 732 610 hostes

63 631 128 669 em
141 624 227 669 vellum
241 623 306 685 dgna
320 640 366 670 nou
379 627 483 672 elaturos.
520 627 635 674 Adversus
651 629 683 674 ita
698 629 733 673 in-

62 688 203 748 oompositos
221 702 261 733 eos
277 690 398 742 venientes,
419 690 516 736 elamore
534 693 615 752 pariter
634 693 733 738 omnium

64 753 102 811 qui
111 753 137 796 in
148 753 308 805 instruerent,
320 753 423 800 calonum
433 770 522 816 quoque
532 762 556 801 et
565 756 666 809 lixarum,
680 758 733 802 sub-

9 845 10 864 .
64 816 118 868 lato,
135 816 204 861 simul
218 817 321 862 omnibus
334 819 404 877 portis
418 819 516 866 Romani
530 827 657 881 eruperunt.
688 820 734 865 -Li-
830 869 835 875 ,

64 880 159 941 gurim
168 881 226 925 adeo
234 880 355 940 improvisa
365 897 400 928 res
408 881 460 937 fuit,
472 891 497 930 ut
507 885 604 946 perinde,
617 900 643 930 ec
654 885 672 930 si
680 885 734 929 insi-

64 945 109 990 diis
117 945 265 990 circumventi
276 944 357 998 forent,
373 947 513 1007 trepidarent.
548 948 665 1010 Exiguum
676 955 739 994 tem-v

63 1009 126 1069 poris
135 1009 212 1068 ulique
220 1008 292 1054 forms
301 1024 385 1070 pugnae
394 1010 449 1056 fuit:
469 1012 523 1073 fuga
530 1012 612 1059 deinde
622 1012 698 1066 effirse,
711 1019 734 1058 et

62 1072 201 1133 firgiutium
212 1073 294 1132 passim
305 1073 378 1119 caedes
388 1082 442 1121 erat·
470 1075 588 1136 Equitibus
599 1077 651 1123 dato
660 1078 732 1138 signo,

64 1144 90 1182 ut
100 1136 279 1184 concenderent
288 1152 364 1198 equos,
375 1153 419 1185 nee
428 1137 528 1202 effugere
535 1155 667 1201 quemquam
676 1142 735 1187 rine-

63 1207 121 1254 rent,
142 1201 168 1246 in
186 1208 260 1247 castra
278 1217 356 1248 omnes
372 1202 457 1265 trepidi
471 1203 527 1266 fugi
542 1205 649 1266 compulsi
666 1213 732 1250 sunt:

63 1266 145 1312 deinde
164 1266 219 1326 ipsis
235 1267 299 1312 exuti
317 1267 402 1314 cestris.
437 1269 509 1330 Supra
527 1269 651 1328 quindecim
667 1269 736 1314 millis

64 1329 180 1392 ligurum
190 1345 219 1377 eo
229 1331 266 1377 die
275 1333 355 1386 ooeisa,
369 1339 433 1393 cepta
443 1334 488 1378 duo
499 1333 567 1378 millia
578 1340 600 1378 et
611 1332 733 1392 quingenti.

63 1394 152 1442 Triduo
163 1402 216 1457 post
225 1394 337 1457 Ligunun
349 1395 503 1458 Ingaunorum
515 1411 581 1442 omne
592 1409 681 1448 nomen,
696 1395 736 1440 ob·

65 1460 149 1508 sidibus
160 1461 225 1514 datis,
240 1461 264 1506 in
278 1461 384 1508 ditionem
398 1461 467 1507 venit.
504 1461 669 1507 Gubematorea
680 1472 736 1505 nau·

64 1533 140 1585 teque
152 1526 279 1587 eonquisiti,
296 1528 334 1586 qui
350 1524 509 1588 [predatores]
524 1524 618 1571 fuissent
633 1525 732 1576 nsvr‘bus,

63 1596 133 1649 atque
142 1605 223 1636 ornnes
233 1591 257 1635 in
267 1591 389 1636 custodium
401 1590 510 1652 conjecti:
530 1596 552 1635 et
566 1605 580 1635 u
592 1587 619 1637 C.
631 1588 733 1635 Matieno

64 1654 185 1700 nrmvno
195 1668 265 1699 naves
275 1656 323 1717 ejus
333 1656 422 1715 generis
432 1655 456 1699 in
468 1652 586 1715 Ligustini
597 1652 636 1699 oni
643 1654 735 1715 triginta

63 1718 117 1764 dua
127 1726 201 1779 cupite
212 1725 270 1764 sunt.
306 1718 367 1765 Haee
378 1720 415 1779 qni
429 1720 563 1773 nuntiarent,
579 1720 697 1779 literaeque
708 1716 736 1763 sd

64 1790 170 1828 mmm
187 1782 278 1836 ferrent,
303 1781 332 1827 L.
351 1784 457 1829 Aurelius
477 1782 552 1837 Cotta,
577 1782 604 1832 C.
625 1782 736 1843 Sulpicius

65 1847 156 1900 Gallus
170 1847 269 1893 Romam
280 1848 356 1904 missi3
373 1849 482 1909 siurulque
492 1856 599 1909 peterent,
615 1855 641 1893 ut
652 1846 680 1893 L.
691 1846 735 1892 AE

63 1911 135 1964 mitio,
148 1910 250 1957 mnfoeu
260 1909 381 1973 proviani,
393 1911 504 1967 deperiere,
513 1920 535 1959 et
541 1914 649 1959 deducere
660 1924 736 1958 seeum

64 1975 150 2021 milites
165 1976 249 2029 iieeret,
266 1984 333 2036 utque
348 1977 464 2023 dimittere.
501 1977 628 2037 Utrumque
641 1976 736 2038 peruris-
767 2034 769 2041 .

63 2054 116 2086 sum
126 2040 157 2086 ab
167 2048 253 2093 matu,
267 2049 291 2087 et
302 2042 430 2102 supplioutio
441 2042 470 2087 ad
480 2042 554 2087 omnia
563 2041 686 2103 pulvinario
696 2052 736 2098 per

63 2105 165 2151 triduum
175 2106 278 2151 decretur
292 2106 394 2167 jussique
403 2113 517 2167 pretores,
530 2105 632 2153 Petillius
643 2104 737 2149 urbanus

63 2170 179 2216 dimittere
188 2169 297 2231 legium,
312 2169 395 2215 Fabius
405 2171 471 2215 sociis
481 2176 548 2229 atque
558 2168 642 2213 nomini
655 2164 737 2211 Latino

63 2236 182 2280 remittere
190 2234 317 2291 delectum
331 2240 355 2279 et
365 2235 397 2279 uti
407 2242 491 2295 praetor
501 2234 598 2279 urbanus
609 2229 737 2276 oonsulibus

63 2300 179 2351 redieret,
191 2304 295 2344 serratim
306 2312 395 2358 requum
406 2313 505 2350 censere,
520 2294 635 2343 subitarios
645 2292 735 2345 milites,

63 2363 178 2409 tumultds
197 2360 265 2409 muni
280 2363 424 2424 oonseriptos‚
444 2363 517 2423 primo
532 2374 621 2419 quoque
637 2364 738 2419 ternpore

97 2490 200 2537 XXIX.
219 2489 317 2539 Colonia
326 2492 444 2542 Graviscae
455 2504 482 2535 eo
493 2502 553 2534 anno
564 2487 659 2534 deducte
668 2492 703 2533 est
713 2486 736 2531 in

62 2571 144 2617 agrum
156 2555 289 2609 sennem,
304 2556 333 2601 de
346 2553 543 2615 Tarquiniensibus
558 2552 669 2614 quondam
685 2566 737 2613 cep-

62 2628 120 2666 tum.
157 2619 236 2673 Quina
246 2621 328 2682 jugeru
341 2622 390 2684 agri
404 2620 467 2665 data:
488 2618 575 2665 tresviri
590 2618 736 2669 deduxerunt,

9 2731 10 2740 ,
65 2682 94 2733 C.
104 2683 244 2748 carpum
255 2684 316 2740 Piso,
333 2684 360 2733 P.
373 2684 481 2734 chodor
492 2683 595 2759 Pulqirer,
612 2681 745 2732 Qum-v
