1792 2950
165 131 213 176 m
292 121 695 182 mmmmmn

159 257 305 316 insurgeremus
319 259 375 304 erut.
408 252 480 299 Exitu
495 253 547 298 asni
565 259 588 298 et
605 251 634 301 C·
651 251 762 301 Senibus
777 253 825 300 Ge-

160 320 234 366 minus
252 317 351 379 pontifex
370 317 481 362 maximus
500 316 607 364 decessit:
631 317 692 362 idern
712 316 828 363 &canus

160 398 273 432 sacrorum
289 381 338 426 fuit.
374 380 480 427 Pontifex
495 381 518 425 in
536 381 611 427 locum
622 382 681 442 ‘ejus
696 397 711 426 s
728 382 826 442 colhgio
842 398 848 447 p

160 453 277 508 cooptatus
287 451 321 492 est
333 443 366 498 Q.
378 444 473 491 Fulvius
483 444 590 491 Flaccus:
609 452 632 491 st
641 445 745 506 pontifex
755 447 826 492 moxi·

132 533 134 538 ¹
160 527 211 558 mus
227 509 262 556 M.
273 509 379 555 AEmilius
394 508 499 570 Lepidus,
516 525 568 555 cum
582 509 647 555 mulli
662 509 717 555 cleri
730 510 775 556 riri
789 526 826 571 pe-

161 575 254 630 tissent;
271 581 294 620 et
308 573 419 620 decemvir
429 589 542 619 sacrorum
553 573 585 627 Q,
595 573 697 619 Msrcius
708 572 826 634 Philippus

138 677 143 685 .
160 640 184 684 in
194 637 292 700 ejusdem
302 638 376 684 locum
387 644 422 684 est
432 645 555 699 cooptatus.
588 636 622 684 Et
631 653 705 699 arigur
716 639 757 699 Sp.
770 637 826 684 Pos·

160 703 243 748 tumius
253 701 348 748 Albinus
359 702 466 748 decessit:
479 702 584 747 inlocum
592 703 640 764 ejus
648 701 676 747 P.
687 703 824 763 Scipionem,

160 767 231 814 filiurn
249 765 356 820 Africani,
380 781 476 827 augures
494 763 634 827 cooptirunt.
668 763 782 812 Cumanis
799 782 825 812 eo

159 845 221 878 anno
233 831 358 891 petentibus
367 831 506 890 permissum,
524 837 549 875 ut
559 830 645 891 publice
655 828 740 876 Letine
749 831 826 891 loque·

160 901 242 948 rentur,
255 901 278 942 et
288 894 425 956 praeconibus
436 893 517 940 Latine
526 894 635 940 vendendi
641 895 681 954 jus
690 901 761 941 esset.

193 957 289 1004 XLIII.
309 957 396 1004 Pisanis
410 974 490 1020 ugrum
504 958 663 1019 pollicentibus,
680 973 728 1018 quo
744 958 825 1004 Letius

157 1023 248 1068 colonis
261 1022 411 1075 deduceretur,
427 1023 507 1084 grstiae
521 1024 549 1068 ab
563 1029 641 1068 senatu
655 1029 727 1068 sctae:
746 1024 825 1068 nimu-

159 1087 202 1132 viri
215 1087 283 1133 creuti
297 1086 326 1137 ad
340 1101 389 1134 cum
404 1102 451 1132 rem
465 1086 499 1139 Q„
513 1086 595 1132 Fabius
608 1085 691 1139 Buteo,
709 1086 747 1132 Μ.
761 1094 786 1133 et
796 1087 821 1132 P.

161 1150 249 1212 Popillii
264 1149 377 1196 Laenetes.
413 1151 436 1196 A
453 1149 482 1197 C.
496 1151 583 1196 Maenio
599 1157 696 1210 praetore
710 1151 760 1213 (cui
774 1167 826 1212 pro·

159 1215 234 1263 vincis
245 1215 344 1262 SerdInie
354 1230 405 1261 cum
416 1215 533 1267 evenisset,
550 1214 648 1260 additum
657 1222 714 1266 erat,
728 1222 755 1260 ut
765 1231 826 1274 quss-

160 1288 219 1326 reret
234 1281 262 1328 de
277 1279 388 1328 veneficiis
404 1279 494 1340 longius
511 1280 539 1324 ab
557 1278 619 1324 Urbe
635 1279 713 1324 decem
729 1279 825 1325 millilus

159 1343 276 1405 passuum)
287 1344 358 1390 literae
368 1344 447 1396 allatae,
462 1350 477 1372 ‘⁶
486 1343 570 1404 Sejarn
581 1343 623 1388 tris
632 1343 701 1388 millia
708 1344 824 1389 hominum

159 1407 284 1463 domuisse,
301 1415 324 1456 ot
338 1423 437 1454 crescere
454 1407 494 1452 sibi
507 1407 653 1467 quaestionem
667 1407 770 1453 iudiciis:
789 1416 824 1453 sul

160 1488 210 1521 earn
225 1476 266 1521 sibi
279 1490 329 1521 esse
343 1472 495 1524 deserendum,
510 1480 548 1518 aut
561 1471 697 1533 provincIum
712 1472 826 1519 dimitten-

159 1538 238 1587 daras
272 1538 304 1591 Q,
317 1537 410 1584 Fulvius
425 1536 519 1587 Flaccus
533 1551 563 1581 ex
573 1535 683 1597 Hispuuii
697 1537 764 1583 rediit
778 1537 826 1583 Ro·

161 1617 221 1653 mum
239 1618 290 1647 cum
307 1599 389 1661 magud
401 1600 462 1647 sami
477 1608 590 1661 gesturum
604 1615 693 1657 rerum3
710 1602 757 1660 qui,
776 1617 825 1647 oum

116 1687 121 1689 ·
158 1672 225 1712 extra
236 1665 322 1711 Urbem
333 1666 437 1725 triumphi
448 1664 588 1717 causamn,
604 1665 683 1711 consul
692 1672 730 1711 est
740 1673 827 1713 murs

161 1744 212 1777 curn
230 1727 259 1773 L.
273 1728 361 1773 Manlio
375 1728 486 1786 Acidino;
502 1738 526 1775 et
539 1736 590 1790 post
603 1744 687 1789 poucos
700 1729 757 1783 dies,
775 1744 825 1775 eum

160 1791 264 1837 militibus
281 1806 337 1850 quos
352 1806 427 1837 secum
444 1793 571 1846 deduxerat,
587 1794 728 1854 tnumphans
739 1793 824 1839 Urbem

160 1862 195 1901 est
204 1855 312 1900 invectus.
347 1854 410 1901 Tulit
419 1857 443 1901 in
454 1858 566 1918 triumpho
576 1871 669 1903 coronas
683 1873 764 1904 aureus
774 1873 826 1904 ceu·

161 1926 209 1967 tum
228 1919 308 1980 viginti
326 1927 431 1979 quatuor:
451 1929 559 1981 praeterea
576 1922 624 1967 suri
641 1922 717 1981 pondo
734 1923 826 1983 trigiuu

161 1998 244 2040 unum;
262 1991 285 2030 et
295 1984 376 2045 signati
387 1984 493 2031 Oscensis
503 1986 619 2031 nummum
633 1993 725 2031 centum
736 1995 825 2047 septus-

160 2049 225 2110 gints
235 2048 276 2095 tries
286 2048 354 2094 millu
364 2050 478 2095 ducentos.
513 2050 624 2095 Militibus
633 2049 662 2095 de
671 2049 751 2110 praedri
761 2051 824 2110 quin-

160 2128 275 2174 qusgenos
285 2113 386 2159 denarios
393 2113 460 2165 dedit,
472 2114 554 2175 duplex
561 2112 734 2167 centurionibus,
746 2116 827 2175 triplex

160 2179 236 2237 equiti,
253 2178 390 2225 tantumdem
407 2178 473 2224 sociis
491 2176 564 2225 Latini
580 2177 684 2231 nominis,
701 2185 725 2225 et
742 2180 826 2240 stipes·

161 2242 221 2287 dium
233 2242 334 2287 omnibus
344 2242 432 2302 duplex.
522 2288 526 2294 ,

194 2304 288 2351 XLIV.
307 2305 344 2352 Eo
359 2320 417 2351 enno
433 2306 520 2366 rogatio
533 2306 628 2366 primurn
643 2305 688 2352 luis
703 2313 739 2352 est
752 2307 780 2353 ub
794 2305 823 2351 1.

162 2366 231 2413 Villio
246 2370 333 2415 tn'buno
347 2370 422 2429 plebis,
440 2376 495 2428 quot
508 2370 638 2415 annositati
651 2384 765 2429 quemque
778 2386 826 2416 ms·

162 2430 278 2487 gistratum
292 2440 393 2492 peterent
406 2439 565 2493 cuperentque:
583 2433 635 2479 inde
649 2448 777 2494 cognomen
792 2434 825 2480 fo-

162 2491 229 2536 miliae
239 2494 340 2548 inditum,
358 2505 383 2542 ut
393 2496 493 2542 Annales
507 2497 676 2557 appellarentur.
711 2496 826 2543 Praetores

164 2558 256 2608 quatuor
272 2565 322 2615 post
340 2560 422 2605 multos
438 2574 509 2608 annos
524 2561 575 2619 lege
590 2559 667 2607 Baebil
680 2562 757 2615 oresti,
774 2576 826 2620 quae

163 2613 252 2661 alternis
263 2628 380 2675 quaternos
389 2624 481 2683 Jubebst
494 2625 575 2681 croeri:
595 2625 618 2669 bi
627 2623 687 2678 fecti.
706 2623 753 2673 Cn.
767 2624 823 2674 Con
