1792 2950
156 118 204 181 ard
271 113 401 181 TJLIVII
417 93 642 180 hra'xLi'Jcai.
658 90 727 177 1ss¹

154 258 209 307 dnm
223 262 264 309 riht
273 270 338 315 esset,
355 263 462 318 dixisset;
479 259 593 323 Popillius,
611 276 652 321 pro
663 256 755 306 caeteri
766 272 835 319 aspe-
886 254 887 303 l

156 325 221 372 ritate
234 327 307 379 animi,
324 325 396 387 virgi,
414 341 480 385 quam
490 326 514 371 in
525 340 593 371 manu
606 323 709 385 gerels'tat,
727 323 833 369 circuam-
886 332 887 357 l

159 391 245 451 scripsit
259 404 346 451 regem:
365 405 399 442 ac,
419 390 574 451 “Priusquam
590 388 635 435 hoc
652 388 743 433 circulo
762 401 833 432 exce

156 454 221 508 des,’'
236 454 313 513 inquit,
332 461 348 482 ‘⁴
359 453 426 499 redde
437 454 573 515 responsum,
591 453 682 499 senatui
693 452 759 511 quod
770 450 831 496 rde-
886 452 887 513 l

157 516 229 563 ram.”
252 517 585 577 obstupefactustamviolento
596 516 694 577 imperio
705 529 832 575 parumper

156 595 206 626 cum
225 578 356 633 haesltdaset,
375 588 391 610 “
403 580 520 635 Faciam,''
537 580 615 640 inquit,
635 588 651 609 ‘⁴
666 580 731 639 quod
753 584 834 625 censet
886 596 887 643 ᾗ

157 642 271 690 senatus.”
295 643 356 690 Tum
365 644 455 691 demum
467 644 573 707 Popillius
583 644 687 689 dextram
699 644 758 703 regi,
772 650 832 687 tam-

159 722 223 768 qnam
235 708 294 753 socio
305 716 371 770 atque
381 710 460 762 amico,
473 708 575 770 porrexit.
610 706 659 753 Die
670 707 756 752 deiude
767 704 831 751 finita
886 734 887 781 ἢ

64 812 68 819 ,
157 787 208 817 oum
216 773 348 819 excessisset
355 773 459 833 AEgypto
471 772 601 824 Antiochus,
613 771 693 832 legati.
706 766 830 817 coneornt

158 836 224 900 etiam
234 837 364 883 auctoritate
378 836 418 883 sud
428 838 487 883 inter
496 836 573 883 fratrea
583 832 679 887 firmati,
698 836 762 880 inter
773 849 830 894 quos

157 900 248 945 viadum
258 908 399 954 convenerat,
416 917 468 961 pars
481 899 579 962 Cyprum
590 900 716 961 navigant:
730 905 757 945 et
768 898 827 951 iude,

158 978 207 1023 quae
213 965 261 1025 jam
269 964 353 1011 vicerat
360 965 439 1026 proelio
452 965 571 1027 AEgyptias
580 978 655 1017 naves,
666 964 768 1009 classem
780 963 829 1009 An·

157 1027 226 1073 tiochi
240 1028 360 1075 dimittunt.
395 1028 463 1077 Clara
480 1045 506 1075 ea
521 1044 560 1090 per
576 1034 656 1089 gentes
672 1028 763 1089 legatio
777 1026 826 1079 fuit.

158 1091 218 1151 quod
232 1093 291 1139 haud
305 1094 369 1140 dubie
383 1094 470 1139 ademta
481 1093 594 1139 Antiocho
606 1092 727 1153 AEgyptus
738 1091 828 1137 habenti

156 1156 211 1217 jam,
229 1158 380 1217 redditumque
398 1158 492 1218 patrium
512 1170 604 1219 regnum
625 1157 690 1217 stirpi
708 1154 828 1201 Ptolemaei
886 1158 887 1165 ’

159 1218 238 1269 fuerat.
258 1220 381 1269 Consulum
391 1223 439 1283 ejus
451 1222 509 1275 anni,
522 1221 578 1266 deut
589 1220 681 1267 alterius
690 1221 767 1267 clarus
774 1232 827 1265 oon-

161 1285 245 1331 aadatus
253 1286 333 1347 insigni
341 1283 440 1339 victorii,
453 1286 484 1332 ita
494 1286 583 1332 alterius
591 1286 687 1331 obscura
697 1284 765 1337 fama,
777 1282 827 1343 qnia

71 1380 74 1385 -
160 1350 274 1396 materiam
282 1365 317 1396 res
327 1350 418 1412 gerendi
428 1363 474 1395 non
485 1349 565 1395 habuit.
599 1348 654 1396 Jam
665 1349 824 1410 primumcum

160 1413 284 1476 legionibus
294 1412 322 1459 ad
333 1414 507 1461 conveniendum
515 1414 573 1459 diem
581 1412 644 1467 dixit,
657 1427 706 1459 non
714 1413 825 1474 auspicato
886 1440 887 1459 r

161 1480 267 1540 templum
283 1481 386 1527 intravit:
406 1480 461 1527 vitio
478 1480 536 1526 dem
552 1479 634 1525 dictam
654 1493 706 1524 esse
722 1493 823 1540 augures,

162 1556 213 1588 curn
224 1544 251 1589 ad
264 1559 306 1605 eoa
314 1545 406 1591 relatum
421 1551 462 1598 est,
480 1544 631 1592 decrevemnt.
668 1540 823 1588 Profectusin
886 1595 887 1606 ἵ

76 1609 80 1615 ’
163 1605 260 1653 Galliam
271 1609 329 1654 circa
339 1609 431 1655 Macron
442 1623 533 1670 campos
547 1610 575 1656 ad
589 1615 680 1656 montes
697 1607 822 1656 Siciminam
886 1607 887 1642 T

161 1677 185 1715 et
200 1660 309 1731 Papinum
324 1674 406 1718 stativa
419 1673 508 1719 habuit:
527 1673 604 1720 dende
618 1675 677 1720 circa
688 1673 766 1720 eaden
777 1672 822 1718 loca

163 1747 214 1778 cunr
229 1735 295 1779 sociis
306 1737 402 1781 nominis
412 1735 490 1782 Latini
501 1737 638 1782 hibernabat:
657 1739 761 1798 legiones
775 1735 821 1784 Ilo·

162 1811 241 1850 manae,
260 1799 320 1857 qnod
338 1799 394 1845 vitio
413 1800 460 1846 dies
479 1800 585 1846 exercitui
604 1800 631 1845 ad
647 1799 820 1847 conveniendam

165 1921 193 1974 C·
212 1924 325 1987 Papinum
347 1924 479 1991 Carbonem,
497 1928 533 1974 cui
554 1927 654 1974 Sardinia
672 1927 818 1980 eameram

164 1989 287 2050 provincias
305 1986 364 2038 iere:
385 2007 437 2037 eum
452 1993 491 2054 jus
508 1992 580 2038 dicere
596 1991 679 2038 Romae
696 1993 758 2055 (nam
774 2005 817 2036 earn

165 2068 254 2114 quoque
271 2062 356 2101 sortem
374 2054 478 2116 babebat)
497 2056 555 2103 inter
574 2057 634 2102 cives
655 2063 680 2102 et
697 2055 818 2118 peregrinos

153 2117 396 2166 ¹Putres'censuerunt.

198 2180 272 2228 XIII.
291 2181 325 2229 Et
340 2183 455 2247 Popillius,
473 2191 495 2230 et
511 2199 538 2232 eo
551 2184 640 2247 legatio,
659 2197 710 2244 quae
721 2181 817 2230 missod

61 2262 66 2271 ¹
165 2246 303 2293 Antiochum
318 2256 373 2302 erat,
390 2247 487 2295 Romam
503 2249 581 2306 rediit;
598 2247 680 2301 retulit,
698 2255 817 2294 controver-

166 2311 210 2356 siae
225 2311 283 2358 inter
296 2327 361 2374 reges
376 2313 472 2359 sublatas
487 2327 542 2367 esse,
560 2313 726 2372 exercitumque
738 2325 765 2358 ex
779 2309 818 2356 Ε·

165 2381 237 2434 gypto
256 2376 280 2420 in
297 2376 383 2440 Syriam
401 2377 522 2423 reductum.
558 2375 615 2422 Post
630 2377 729 2437 ipsorum

165 2435 234 2495 legati
245 2447 368 2486 venerunt:
388 2440 493 2486 Antiochi
504 2440 578 2503 legati,
591 2439 717 2493 relmentes
731 2446 746 2468 ‘⁴
774 2438 817 2482 mni

165 2495 258 2568 victorii
267 2503 376 2562 pothorem
387 2519 463 2572 pacem
475 2505 529 2565 regi,
541 2517 593 2565 quae
604 2505 689 2550 senatui
699 2502 815 2565 placuisset·

165 2569 251 2616 mam
268 2578 364 2628 eumque
376 2568 434 2612 haud
445 2583 515 2620 aecus,
533 2582 599 2628 quam
611 2566 714 2614 Deorum
724 2566 813 2632 inperio
886 2591 887 2612 ;

165 2617 291 2677 lessfltorum
310 2627 467 2677 Romanorum
483 2631 551 2692 Juasis
570 2627 701 2692 panrisse;”
722 2627 815 2692 gaorhti

162 1860 220 1906 dicta
234 1868 289 1914 erat,
306 1861 388 1908 Romae
399 1870 534 1911 manserant.
569 1862 602 1909 Et
612 1870 729 1924 praetores,
745 1869 821 1925 praeter

886 2639 887 2668 r

886 2671 887 2700 r

886 2711 887 2736 l

193 2926 238 2940 *μ’
296 2931 649 2942 ι-ᾲώᾼῆ
663 2919 857 2936 ι-ι-«Ἧ-ἿἮ
