1792 2950
154 141 212 192 ,a
227 135 526 202 mmmmm
546 135 606 192 cu.
621 141 658 198 o·
724 144 754 190 ιε

89 281 172 344 putem
183 273 266 322 milium
277 269 400 322 abductam,
417 282 482 314 socru
492 263 596 322 tihibiti,
608 265 694 320 comui.
707 272 723 296 ‘⁴
732 267 758 315 Si

88 353 142 392 uera
151 341 226 387 dicere
232 337 338 383 inducere
345 335 368 380 in
377 334 475 379 animum
482 330 584 393 postest
596 338 672 393 negat,
686 337 758 392 uper.

87 406 171 454 turbari
182 403 274 450 debere:
294 399 360 445 iidem
370 397 430 444 vela
443 395 547 458 Sulpicii,
564 395 603 442 tali
617 393 709 449 tarini,
722 395 760 442 vel

88 473 117 518 ab
127 486 151 518 ae
161 469 284 528 acciperet:
304 469 444 524 expromeret
455 462 502 514 ribi,
516 476 567 522 quae
577 461 600 506 in
610 460 662 508 luco
674 459 761 507 Similae

87 531 264 583 Bacchanalibus
274 529 297 574 in
308 543 371 574 sacro
380 533 489 572 nocturno
498 523 676 572 solerentfieri.”
701 522 758 571 Hoc

88 600 125 646 uhi
136 597 227 647 audivit,
239 600 315 640 tantus
322 607 392 654 pavor
402 599 529 650 tremorque
539 590 639 636 omnium
645 590 759 636 umbro-

89 679 139 710 rum
149 661 266 708 mulierem
277 657 341 718 cepit,
358 662 383 702 ut
397 655 434 701 diu
447 655 532 700 hiscere
543 668 589 700 uon
599 661 688 715 poaaet:
706 661 758 700 tan·
797 641 804 662 ’

90 729 140 775 dem
151 724 288 774 confirmata,
307 728 321 749 ‘⁴
330 720 426 782 puellam
437 719 556 765 admodum
568 735 592 766 ee
602 719 705 766 ancillam
715 719 758 766 ini·

89 795 166 840 tiaram
183 803 234 836 cum
251 783 364 837 domiui,”
382 784 425 830 ait:
452 782 564 844 “aliquot
579 784 650 837 annia,
667 797 697 830 ex
712 798 758 844 quo

90 855 225 904 manumissa
242 852 276 904 ait,
294 849 355 902 nihil,
373 849 425 910 quid
440 848 469 894 ibi
485 847 531 901 fiat,
552 846 634 895 scire‘'
667 846 719 896 Jam
735 847 759 908 id

89 923 161 984 ipsum
176 916 256 964 consul
268 914 364 967 laudare,
383 927 433 958 eum
451 912 559 959 initiatam
574 927 599 958 ae
612 926 658 958 uon
674 911 759 958 inlicia-

90 993 163 1032 retur:
185 982 225 1029 aed
239 987 262 1026 et
278 987 359 1024 caetera
374 976 451 1024 eidem
466 976 511 1023 tide
526 983 673 1039 expromeret·
708 975 759 1023 Ne-

89 1050 151 1114 ganti
162 1048 220 1094 ultra
231 1045 350 1106 quidquam
365 1042 428 1094 scire,
447 1049 463 1071 ⁴⁴
472 1055 518 1088 non
533 1039 659 1095 eamdem,''
676 1039 758 1094 dicere,

90 1115 132 1163 ‘fai
143 1117 278 1174 coarguatur
289 1108 316 1154 ab
325 1107 376 1159 alio,
392 1121 419 1152 ao
431 1121 471 1167 per
485 1121 510 1152 ae
518 1105 604 1160 fatenti,
621 1104 709 1153 uariam
720 1113 760 1153 aut

88 1179 182 1290 gpphtiam
193 1175 255 1222 fore:
275 1187 326 1219 eum
338 1171 378 1217 sibi
393 1171 469 1216 omnia
482 1172 619 1237 exposuiaae,
635 1171 674 1230 qui
684 1167 759 1221 milit

84 1259 103 1291 a
141 1239 213 1288 saet.”
483 1271 485 1276 .

119 1304 195 1354 XIII.
213 1303 304 1355 Mulier,
315 1301 447 1348 hauddubie
459 1301 494 1364 (id
501 1296 627 1360 quoderat)
639 1291 757 1355 AEbutium

85 1373 182 1422 iadicem
193 1369 267 1416 arcani
279 1375 325 1414 rata
337 1381 393 1418 esse,
409 1366 437 1411 ad
451 1365 519 1424 padee
534 1362 638 1423 Sulpiciae
655 1363 757 1424 procidit,

87 1443 112 1487 et
128 1451 176 1489 eam
192 1434 264 1496 primo
281 1446 344 1478 orare
360 1430 435 1491 coepit,
455 1435 471 1456 “
482 1426 523 1472 Ne
536 1425 635 1471 mulieris
648 1426 758 1472 libertina

87 1516 141 1548 eum
151 1508 248 1546 amatore
259 1510 384 1557 sermonem
395 1496 418 1538 in
430 1508 478 1539 rem
488 1505 535 1537 non
543 1491 623 1536 aeriam
631 1490 705 1544 modo,
718 1491 758 1537 aed

89 1564 205 1629 qapitalem
216 1563 288 1614 etiam,
303 1560 360 1608 verti
371 1556 452 1605 vellet:
472 1571 504 1611 ae,
517 1553 613 1601 terrendi
623 1555 671 1617 ejus
682 1553 755 1609 cauri,

89 1645 136 1677 non
152 1643 195 1689 quo
211 1627 276 1673 sciret
292 1625 418 1685 quidquam,
440 1637 467 1667 oa
482 1622 579 1667 locutam
598 1618 674 1667 eaae.”
689 1658 692 1663 .
707 1618 756 1666 Hic

87 1693 218 1742 Poettuniuu
227 1704 334 1738 accensus
344 1685 383 1741 iri,
403 1685 485 1731 “Tum
496 1682 610 1747 quoque,‘’
625 1685 663 1738 ait,
681 1690 697 1714 “
705 1699 755 1732 eam

86 1775 137 1807 cum
145 1756 240 1805 AEbutio
250 1770 274 1801 ee
281 1760 380 1801 amatore
387 1751 485 1797 cavillari
493 1750 589 1813 credere,
601 1764 647 1795 non
654 1750 678 1795 in
686 1749 754 1799 domo

85 1822 225 1887 gravissimae
237 1819 327 1865 feminae
338 1823 422 1863 etcum
433 1816 525 1861 consule
535 1814 595 1874 loqui
603 1812 629 1859 :‘'
646 1820 669 1861 et
680 1814 756 1875 Sulpi-

87 1889 122 1938 cia
132 1886 231 1943 attollere
246 1890 378 1945 paventem
398 1880 464 1926 simul
478 1880 537 1926 illam
552 1878 670 1932 adhortari,
688 1878 756 1925 simul

86 1954 142 2001 iram
153 1950 230 2013 generi
240 1948 316 1994 lenire.
351 1944 453 1991 Tandem
464 1944 600 1996 confirmata,
613 1942 708 1990 multum
719 1942 756 1987 in-

84 2014 162 2067 cusati
177 2011 269 2077 perfidid
287 2010 379 2065 AEbutii,
395 2010 433 2069 qui
448 2008 525 2070 optimi
539 2009 563 2054 in
577 2023 604 2053 eo
618 2008 667 2069 ipro
681 1996 755 2055 medii

83 2083 152 2129 talem
163 2079 259 2141 gratiam
270 2076 387 2128 retulseet,
401 2071 537 2135 “Magnum
548 2073 589 2118 ulii
596 2079 681 2118 metrum
689 2070 756 2118 Deo-

83 2162 142 2202 rum,
156 2157 252 2205 quorum
263 2140 350 2188 occulta
359 2138 421 2185 initia
431 2138 562 2190 enuntiaret,
578 2138 686 2197 majorem
696 2135 756 2182 mul·

70 2209 134 2266 stof‘
167 2209 172 2219 '
191 2207 216 2261 it,
234 2206 373 2251 “hominurn
388 2218 444 2255 esse,
460 2203 498 2262 qui
511 2217 536 2248 ae
546 2199 642 2245 iudicem
653 2197 755 2248 munibus

83 2277 130 2325 auia
150 2271 282 2333 discerpturi
300 2276 382 2317 essent.
420 2265 501 2327 ltaque
517 2267 562 2311 hoc
581 2278 606 2308 se
625 2260 753 2323 Sulpiciam,

82 2342 126 2387 hoc
138 2337 255 2387 consulem
266 2348 335 2386 orare,
350 2341 375 2378 ut
386 2348 409 2379 ae
420 2339 484 2378 extra
495 2329 582 2375 Italiam
593 2326 667 2386 aliquo
677 2340 755 2373 amau.

84 2404 170 2456 darent,
184 2400 220 2447 ubi
232 2400 339 2460 reliquum
349 2398 403 2443 vitae
414 2396 495 2457 degere
503 2401 553 2440 tuto
561 2389 664 2453 ponea'’
685 2389 754 2438 Bono

83 2470 158 2517 animo
179 2480 229 2513 esse
243 2465 321 2526 jubere
337 2477 386 2509 oum
406 2460 491 2512 conoul,
511 2465 541 2510 et,
562 2456 605 2502 sibi
620 2471 680 2503 curae
694 2455 752 2509 fore,

83 2532 164 2587 dicere,
181 2537 207 2576 ut
222 2529 304 2576 Romae
318 2534 367 2573 tuto
382 2526 495 2571 habitaret.
530 2520 591 2568 Tum
602 2520 697 2584 Hispala
707 2521 754 2567 ori-

99 2597 106 2608 '
179 2608 293 2641 sacrorum
302 2591 429 2653 expromit.
468 2586 573 2633 “Primo
592 2586 710 2633 aaerarium
729 2584 754 2629 id

80 2612 218 2713 mun
233 2657 313 2715 fuisso,
326 2671 368 2725 noe
384 2667 518 2719 quemquam
534 2646 752 2715 uirum.eo,admitti

251 2740 260 2751 ⁴,
510 2730 524 2763 c
548 2724 552 2737 ἱ
678 2727 681 2738 1
