1792 2950
180 161 228 206 824
294 155 322 201 Τ.
337 149 422 208 LlVll
439 148 490 195 Lrs.
504 143 582 206 xm.
595 143 660 206 §aa
673 148 717 190 20.

179 299 236 338 anus
247 295 327 330 namen
339 279 423 340 reglum
433 285 457 324 et
467 276 601 338 praecipuum
612 271 687 333 capitis
697 270 790 332 insigne
798 285 836 333 ge-

178 357 220 404 rat,
232 361 307 394 omnes
318 344 395 392 fratres
406 347 507 402 regnent.
529 337 630 386 Attalum
638 351 699 388 vero,
712 336 767 394 quia
773 341 837 382 :tate

177 413 297 476 proximus,
309 407 361 466 qnis-
369 419 414 450 non
421 419 462 465 pro
470 418 525 464 rege
532 400 624 448 lrabeat?
639 413 711 459 neque
719 414 747 444 eo
756 399 834 451 solum,

177 479 228 538 quia
237 480 308 521 tantas
318 476 439 530 praesentes
450 468 498 528 ejus
508 481 562 527 opes
569 471 651 517 cernat,
664 463 704 508 sed
711 463 773 522 quod
781 461 836 508 lrsrsd

177 539 309 598 ambiguum,
325 548 394 593 prope
407 532 465 576 diem
480 536 623 590 regnaturum
635 542 695 579 eum,
711 525 837 572 infimitate

152 631 155 639 ι
177 609 284 660 tctateque
295 596 405 656 Eumenis
415 601 480 647 esset,
498 593 580 638 nullam
593 591 684 652 stirpem
694 590 790 636 hdcrdm
799 591 837 635 lra-

176 659 278 714 beutia2·”
299 659 404 722 (necdum
419 659 478 704 enim
493 664 615 718 agnoverat
630 670 689 706 eum,
706 655 746 713 qui
761 662 838 715 postes

176 721 298 790 regnarit.)
315 730 322 752 ⁴
325 730 331 752 ‘
339 723 401 776 Quid
408 723 511 768 attineret
519 721 565 766 rim
573 717 651 765 afferre
659 719 697 771 rei,
710 715 752 763 sui
759 725 837 779 sponte

177 803 231 840 mox
245 789 274 836 ad
289 803 340 834 eum
356 784 501 832 adventurae?
529 783 657 830 Accessisse
673 783 741 828 etiarn
756 796 837 828 novam

176 860 328 916 tempestatem
339 865 409 912 regno
419 848 528 894 tumultus
537 848 625 900 Gallici,
637 846 673 898 cui
681 846 721 891 rix
728 860 838 892 consum

88 913 91 920 Δ
176 927 199 968 et
208 913 326 965 concernit
336 929 414 975 regum
426 913 498 958 resisti
512 919 586 971 queat
614 912 638 958 Si
652 925 707 957 vero
721 911 751 956 ad
765 918 838 956 exter-

176 998 230 1030 num
247 981 330 1027 bellum
348 976 564 1024 domesticaseditio
582 975 703 1036 adjiciatur,
727 974 776 1020 sisti
793 988 838 1019 nan

176 1062 255 1110 posae;
272 1059 314 1090 nec
325 1043 382 1090 aliud
392 1055 451 1094 eum,
466 1055 540 1100 quam,
556 1054 585 1084 ne
595 1039 663 1084 trater
672 1038 697 1083 iu
708 1053 781 1100 regno
791 1053 838 1083 mc-

176 1113 252 1163 riatur,
272 1109 312 1155 sibi
328 1107 369 1169 ipsi
383 1121 445 1168 spem
462 1104 605 1166 propinquam
621 1102 686 1163 regni
700 1110 836 1163 erepturum.

178 1177 203 1226 Si
210 1183 302 1234 utraque
309 1171 406 1234 gloriosa
412 1185 446 1215 res
454 1176 519 1221 esset,
528 1174 551 1213 et
558 1164 658 1214 servisse
663 1165 727 1212 fratri
735 1181 836 1227 regnum
889 1178 890 1185 ¹

177 1250 200 1288 et
210 1238 329 1300 eripuisse3
346 1233 426 1282 servati
436 1241 510 1278 tamen
521 1231 592 1292 regni,
607 1245 657 1290 qum
667 1231 749 1292 juncta
763 1229 836 1290 pietati

178 1306 213 1358 sit,
229 1303 337 1365 potiorem
351 1298 436 1345 laudem
450 1296 525 1342 fuisse.
553 1294 598 1342 Sed
612 1294 727 1340 enimvero
738 1309 789 1340 cum
799 1293 835 1338 de·

177 1368 282 1416 tentabilis
293 1366 360 1411 altera
370 1377 404 1408 rea
415 1368 438 1407 et
451 1361 552 1422 proxima
564 1358 679 1420 parricidio
694 1359 732 1411 sit,
749 1357 800 1419 quid
808 1357 835 1403 ad

178 1430 353 1480 deliberationem
365 1426 422 1472 dubii
434 1423 563 1487 superesse?
586 1422 671 1468 Utrum
682 1423 744 1469 enim
754 1431 835 1485 partem

178 1497 241 1558 regui
257 1496 375 1557 petiturum
390 1506 445 1543 esse,
462 1504 491 1535 an
506 1495 577 1534 totum
591 1487 737 1549 erepturum?
757 1488 836 1549 sipar-

177 1568 238 1616 tem3
258 1559 321 1605 ambo
338 1555 442 1607 infirmos,
462 1553 571 1600 distractis
586 1552 677 1604 sindus,
696 1558 721 1597 et
738 1552 837 1597 omnibus

177 1622 261 1685 injuriis
277 1621 384 1667 obnoxios
399 1618 460 1665 fore:
484 1618 503 1663 ai
519 1623 607 1672 totum;
628 1615 772 1676 privatumne
787 1631 838 1677 erga

178 1688 282 1747 majorem
292 1683 390 1735 fratrem,
404 1697 433 1728 an
447 1681 546 1742 exsulem
556 1678 594 1725 iut
604 1687 677 1733 aetate,
692 1677 732 1725 ius
742 1680 838 1741 corporis

176 1748 309 1798 infirmitate,
326 1761 355 1791 an
369 1746 470 1791 ultimum
487 1744 542 1790 mori
554 1742 686 1804 jussurum?
712 1740 838 1805 Egregium

177 1812 235 1857 enim
253 1810 289 1871 (ut
302 1806 381 1854 sabulis
395 1809 489 1854 traditus
503 1808 620 1869 impiorum
635 1805 731 1853 fratrum
747 1816 840 1855 must

176 1869 285 1931 taceatur)
302 1870 378 1917 Persei
392 1872 477 1916 exitum
490 1871 567 1924 videri,
583 1872 621 1930 qui
631 1884 661 1915 ex
669 1868 772 1917 ueremi
781 1872 841 1919 cede

177 1945 262 1998 raptum
273 1934 372 1981 diadema
381 1934 404 1979 in
418 1936 502 1996 templo
518 1935 693 1987 Samothracum,
710 1935 775 1981 velut
784 1951 841 1997 pra>

176 2000 274 2049 sentibus
291 1998 344 2045 Diis
362 1999 502 2060 cingentibus
516 2013 602 2060 poenas,
620 1998 649 2043 ad
663 1998 733 2058 pedes
749 2000 840 2047 victoris

176 2064 246 2113 hostis
261 2070 383 2125 prostratus
398 2062 504 2123 posuerit.
531 2062 580 2109 llos
595 2063 662 2123 ipsos,
679 2062 726 2122 qui,
746 2078 794 2109 non
809 2062 840 2109 uu

177 2128 248 2182 amici,
266 2128 304 2173 sad
319 2126 416 2173 Eumeni
430 2124 512 2179 infesti,
529 2126 642 2172 stimulent
656 2141 716 2178 eum,
733 2127 840 2187 pietatm

176 2192 365 2273 constantiamppue
373 2190 508 2245 laudaturos,
519 2190 538 2237 si
548 2189 613 2237 fidem
624 2189 652 2235 sd
662 2190 769 2237 ultimum
779 2190 840 2238 fratri

106 2314 110 2317 ’
175 2262 347 2367 Ρῐῗίεξὲἷκὲωο
357 2319 407 2379 plus
421 2315 510 2367 valuere
524 2318 548 2365 in
564 2317 635 2364 Attali
648 2317 732 2364 animo.
759 2316 840 2379 Itaque

175 2383 313 2431 introductus
324 2383 347 2429 in
358 2391 465 2437 senatum,
482 2382 605 2445 gratulatus
619 2381 743 2435 victoriam,
761 2388 787 2431 a
799 2398 841 2429 sua

175 2448 254 2493 merita
264 2461 291 2492 ao
301 2447 359 2493 bello
368 2446 491 2507 fratrisque,
507 2447 525 2492 si
539 2462 583 2507 qua
595 2452 666 2498 crant,
682 2453 706 2490 et
719 2446 838 2493 Gallonnn

174 2508 326 2581 dereptioncm,
343 2525 394 2569 quae
404 2526 473 2572 nuper
483 2510 567 2572 ingenti
578 2514 640 2555 motu
652 2508 713 2555 facta
726 2517 783 2563 erat,
799 2524 839 2557 exn

174 2578 254 2627 poaurt.
285 2570 360 2627 Petit,
378 2580 403 2619 ut
418 2574 505 2634 legatos
520 2574 616 2619 mitteret
631 2572 660 2617 ad
675 2587 723 2625 eos,
741 2588 839 2633 quorum

175 2636 304 2683 auctoritate
317 2636 344 2705 ab
358 2636 425 2683 armis
435 2644 585 2687 avocarentur.
611 2635 657 2685 His
666 2651 708 2700 pra
719 2638 785 2702 segal
795 2637 839 2687 aas
