1792 2950
167 166 200 209 ⁸2
296 163 327 210 T.
340 161 427 211 nvn
444 161 497 208 Lis·
512 161 565 208 XL.
586 159 645 208 Cur.
659 163 699 205 23.

167 292 359 352 immissorumque
377 290 470 338 aliorum
488 291 510 335 in
527 291 581 337 elios
597 303 715 341 rumorum,
733 288 832 349 perspici

167 357 249 403 mlum
265 358 303 402 vix
318 361 408 416 posset:
433 361 459 400 ut
474 371 528 400 vero
542 355 605 416 jugis
620 353 830 414 appropinquabant,

167 421 226 482 quod
241 435 313 466 rarum
328 419 352 464 in
367 419 415 465 eliis
429 419 484 464 locis
496 425 562 472 esset,
580 419 634 464 adeo
645 418 720 464 omnis
729 423 833 463 contecta

167 481 251 537 sabuli,
268 492 293 529 ut
307 483 365 530 haud
379 497 443 529 secus
453 497 519 542 quam
530 487 639 529 nocturno
650 483 729 528 itinere
739 481 833 542 impedi-

167 554 257 593 rentur:
281 549 348 594 tertio
366 548 455 593 deinum
475 547 510 594 die
525 548 553 594 sd
568 547 673 593 verticem
688 552 830 608 perventum.

168 610 232 657 Mhi!
245 612 343 674 vulgatae
359 612 464 673 opinioni,
483 611 580 673 degressi
596 611 654 663 inde,
671 610 830 657 detraxerunt:

166 676 246 736 mags,
262 677 335 730 credo,
351 689 380 724 ne
390 677 476 722 vanitas
486 675 570 722 itineris
579 675 672 722 ludibrio
682 681 747 728 esset,
764 687 833 734 quam

167 739 228 800 quod
237 741 324 787 diversa
333 741 391 786 inter
401 755 427 786 se
436 740 512 794 maria,
524 746 661 800 montesque,
673 745 696 784 et
706 751 791 791 amnes,
803 751 833 784 ex

94 864 98 866 Y
167 802 273 850 uuoloco
283 805 380 866 conspici
390 806 510 865 potuerint.
545 804 627 850 Veneti
642 817 726 855 omnes,
742 809 766 848 et
780 809 835 848 ante

167 868 222 914 ulios
233 883 273 914 rex
282 869 336 930 ipse,
349 883 393 929 quo
403 869 494 930 gravior
505 875 570 915 aetate
581 875 633 921 erat
650 867 780 913 difficultate
789 867 834 913 viae

167 939 209 977 est.
236 932 331 978 Duabus
341 934 384 979 aris
395 932 423 977 ibi
434 932 488 980 Jom'
499 940 521 978 et
533 933 579 979 Soli
590 932 679 979 secretis
690 945 741 976 cum
752 931 835 976 immo-

168 994 242 1049 lisset,
260 994 303 1056 qud
319 997 391 1042 triduo
408 997 557 1050 adscenderat,
574 997 640 1043 biduo
656 1002 690 1042 est
706 995 832 1058 degressus,

168 1059 252 1121 frigora
259 1068 367 1115 nocturne
377 1061 474 1108 maxime
484 1069 591 1114 metuens,
604 1075 654 1121 quoe
665 1059 772 1106 carriculae
783 1067 835 1105 ortu

169 1125 248 1171 similia
260 1126 394 1171 bnrmslibus
408 1133 478 1170 erant.
503 1125 594 1172 Multis
609 1141 648 1186 per
663 1139 702 1170 eos
714 1122 763 1168 (lies
776 1123 835 1168 diffi-

168 1189 286 1235 colmanus
291 1189 438 1243 conflictatus,
449 1190 517 1236 nihilo
524 1190 610 1236 laetioru
618 1190 640 1234 in
649 1189 726 1234 castris
733 1187 820 1233 invenit
825 1204 834 1244 ς

170 1253 206 1298 ubi
217 1269 303 1300 summa
312 1255 403 1315 penuria
413 1261 466 1306 erat,
479 1262 504 1299 ut
515 1255 537 1298 in
549 1254 645 1314 regione,
658 1267 723 1313 quam
734 1253 761 1298 ub
772 1252 834 1297 omni

169 1325 231 1378 perte
250 1319 377 1364 solitudines
395 1318 529 1364 clauderent.
564 1316 642 1376 ltaque
661 1329 730 1362 unum
746 1323 834 1362 tantum

169 1389 268 1428 moratus
286 1383 352 1437 diem,
380 1383 459 1443 quietis
478 1397 554 1428 eorum
573 1379 639 1427 causi
657 1395 713 1440 quos
729 1380 835 1426 habuerat
882 1437 883 1440 Ἴ

171 1461 253 1501 secu-n,
268 1447 346 1495 itinere
359 1447 411 1494 inde
420 1445 486 1493 simili
496 1446 558 1508 iugae
568 1446 591 1491 in
602 1445 751 1492 Dentheletos
761 1451 834 1491 truns-

87 1512 103 1562 ,’
170 1513 245 1558 currit.
270 1514 414 1559 Sociiersnt:
428 1510 834 1573 sedpropterinopismhuudsecus

170 1591 236 1635 quam
250 1578 347 1622 hostium
360 1575 416 1621 fines
431 1576 568 1622 Macedones
582 1575 680 1636 populati
691 1581 752 1619 sunt.
787 1573 835 1620 Rs-

169 1640 251 1699 piendo
266 1641 325 1685 enim
344 1639 432 1699 passim,
453 1640 516 1685 villus
534 1640 636 1700 primum,
657 1638 706 1683 dein
726 1638 833 1697 quosdam

170 1703 232 1747 vicos
243 1703 309 1747 etism
320 1700 455 1756 evastdrunt,
467 1718 513 1749 non
524 1704 571 1749 sine
581 1718 664 1763 magno
673 1701 759 1763 pudore
767 1703 833 1764 regis,

169 1780 221 1809 erun
237 1766 347 1811 sociorum
362 1780 436 1817 voces,
454 1766 600 1827 nequidquam
615 1766 680 1813 Deos
691 1766 784 1813 sociales
795 1782 836 1812 no-

170 1841 268 1887 menque
282 1843 346 1874 suum
358 1829 507 1890 implorantes,
524 1832 615 1878 audiret.
644 1829 775 1877 ,Frumento
786 1830 837 1877 inde

170 1892 263 1943 subluto,
275 1892 298 1937 in
310 1893 430 1939 Maedicam
438 1910 559 1956 regressus,
572 1896 655 1949 urbem,
667 1910 734 1955 quam
744 1894 835 1941 Petram

170 1956 287 2017 :ppellrut
304 1972 432 2018 oppugnare
446 1966 481 2005 est
495 1960 592 2005 udonus.
628 1958 680 2021 lpse
694 1960 836 2021 scampestri

171 2018 233 2067 editu
250 2027 322 2067 castra
338 2022 428 2083 posuit:
454 2019 563 2071 Perseum
584 2023 653 2069 lilium
675 2038 726 2069 cum
749 2021 836 2070 modici

171 2099 239 2130 manu
249 2085 398 2140 circummisit,
414 2093 439 2131 ut
454 2102 468 2133 a
482 2088 627 2149 superioribus
641 2088 696 2133 locis
707 2089 785 2133 urbem
796 2102 837 2149 ag-

170 2150 307 2211 grederetur.
341 2150 457 2213 Oppidani,
475 2168 526 2199 cum
541 2160 611 2199 terror
626 2152 724 2212 undique
733 2152 834 2204 instaret,
880 2176 881 2209 q

170 2214 281 2261 modius
292 2214 355 2268 datis,
370 2216 393 2261 in
407 2218 526 2276 praesentia
539 2216 668 2263 dediderunt
679 2230 741 2262 sese:
760 2216 834 2269 iidem,
880 2226 881 2262 i

171 2286 287 2340 postquam
306 2280 416 2326 exercitus
434 2282 531 2335 recessit,
552 2281 611 2327 obliti
631 2280 738 2332 obsidum,
760 2278 836 2327 relicti

171 2344 232 2396 urbe,
243 2344 684 2407 inlocamunitaetmontesrefugerunt.
710 2342 834 2405 Philippus,

171 2409 232 2453 omni
243 2422 325 2469 genere
331 2409 412 2455 laboris
420 2410 468 2456 sine
476 2410 520 2455 ullo
528 2408 607 2455 effectu
615 2408 712 2470 fatigatis
720 2408 834 2461 militilsrs,

171 2476 195 2515 ct
204 2470 282 2518 fraude
290 2474 391 2533 praetoris
401 2472 471 2521 Didae
482 2474 551 2520 suciis
559 2474 582 2519 ln
589 2472 658 2519 lilium
667 2472 834 2533 suspicionibus,

172 2532 196 2578 in
207 2534 363 2583 Macedonium
374 2537 445 2583 rediit.

103 2640 109 2648 ,
204 2594 304 2644 XXIII.
323 2599 409 2647 Missus
424 2603 460 2647 hic
476 2616 557 2654 comes,
576 2602 612 2665 (ut
625 2608 677 2647 ante
690 2601 775 2647 dictum
791 2598 835 2660 esi)

170 2671 226 2705 ww
234 2660 395 2723 nmplmtsten
400 2666 491 2727 juvenis
501 2666 590 2721 incauti,
602 2672 625 2713 et
635 2666 680 2712 suis
690 2666 750 2712 haud
758 2666 837 2712 imme·
