1792 2950
192 173 391 224 T.L1v11L11.
408 177 476 224 XLI.
496 175 556 227 Car.
571 183 609 224 28.
688 180 733 226 155

56 311 84 350 et
96 303 244 366 elegantioris
254 304 328 350 cultds
338 305 500 353 affectationem
511 307 622 354 muliebris
637 305 730 358 animus,

57 375 146 415 nactus
158 381 188 414 ex
203 368 315 416 affluentid
329 386 396 432 opum
411 371 535 432 cupiditatis
549 372 690 422 irritamenta
708 368 731 414 in

56 441 154 479 sumtus
171 433 302 482 immodicos
320 442 387 496 atque
404 436 428 480 in
446 436 555 482 luxuriam
573 436 730 497 prolaberetur,

56 512 86 543 ac
98 497 184 544 deinde
194 511 208 544 a
217 497 290 559 prisci
299 497 393 546 fortasse
404 500 521 546 sanctitate
535 501 673 552 descisceret,
689 513 732 545 nec

57 562 139 608 minor
149 559 215 607 tieret
224 577 319 616 morum,
332 579 398 624 quam
409 563 489 616 cultda,
505 566 605 611 mutatio.
640 563 686 610 His
696 564 731 608 in-

57 625 191 672 commodis
201 627 288 672 obviam
298 627 331 674 ire
343 628 420 674 statuit
436 627 469 682 Q„
479 627 594 675 Voconius
609 629 675 682 Saxa,
690 628 732 674 tri-

56 691 139 737 bunus
151 689 228 752 plebis,
246 691 341 758 tulitque
352 691 380 738 ad
475 707 512 739 m:
534 693 596 739 “Ne
610 694 666 753 quis,
683 693 729 752 qui,

56 761 116 816 post
136 754 168 800 A.
183 753 331 808 Postumium,
353 753 385 808 Q,
420 754 503 801 uirium
522 773 631 811 censores,
651 771 732 803 census

57 817 140 870 esset,
157 817 269 864 lr'aredern
284 818 405 880 virginem,
422 834 480 866 neve
497 821 612 869 mulierem
625 819 727 868 'faderetz

58 896 125 930 neve
136 881 176 927 ulli
186 883 273 944 virgini,
289 883 327 928 vel
336 883 429 937 mulieri,
443 885 503 932 bona
515 888 644 948 cnjusqum
654 886 732 932 liceret

48 945 198 994 ,haereditate
207 947 317 1008 percipere
327 948 385 994 ultra
395 956 484 996 centum
495 950 565 997 millia
576 948 730 998 sestertidmd'

59 1011 114 1060 Sed
126 1016 149 1056 et
159 1011 280 1058 cavendum
290 1027 378 1073 quoque
388 1013 452 1060 duxit
463 1012 586 1068 Voconius,
602 1030 631 1061 ne
642 1015 731 1077 magri-

58 1075 145 1124 tudine
157 1074 280 1137 legatorum
292 1077 430 1124 haereditatea
446 1079 517 1141 (quod
527 1078 592 1124 fiebat
602 1077 729 1140 interdurn)

7 1173 8 1180 κ
57 1140 242 1198 ahaunrentur.
277 1141 367 1203 Adjacit
382 1143 452 1204 igitur
468 1143 586 1204 rogationi,
604 1142 667 1201 “‚Ne
680 1142 730 1204 quis

46 1195 115 1269 :plus
132 1205 234 1266 cuiquam
249 1205 339 1267 legaret,
357 1222 424 1267 quam
439 1207 468 1253 ad
479 1206 591 1253 heredem
602 1204 730 1266 menete
828 1198 831 1209 '

47 1267 218 1333 ¹perveniret.”
243 1269 321 1330 Atque
330 1271 373 1317 hoc
384 1271 472 1332 quidem
483 1269 593 1331 posterius
600 1270 656 1331 legis
664 1279 731 1331 caput

7 1367 8 1374 η
58 1334 129 1394 dsciie
144 1349 170 1380 se
183 1334 271 1396 populo,
275 1336 387 1396 probabat,
404 1336 464 1395 quod
474 1341 498 1380 et
508 1334 661 1394 aequissimum
669 1333 731 1393 virle-

7 1431 8 1436 =
48 1407 133 1452 retur,
147 1413 189 1445 nec
199 1400 301 1460 cuiquam
312 1415 448 1462 magnopere
458 1413 528 1460 grave
537 1403 604 1444 esset.
636 1396 731 1459 Depri-

7 1482 8 1485 ¹
61 1480 112 1521 cre,
129 1480 174 1525 quo
190 1465 360 1511 removebantur
374 1463 464 1511 feminae
480 1464 508 1510 ab
523 1463 623 1509 omnium
639 1462 731 1521 omnino

50 1528 149 1583 ,eisdam
169 1528 341 1583 hereditatibus,
363 1528 521 1589 ambigebatur.
561 1526 731 1588 Dubitationear

63 1592 151 1650 exernit
165 1591 199 1639 M.
212 1592 278 1651 Cato,
296 1594 416 1645 accinimus
425 1594 475 1655 jam
490 1594 544 1639 olim
558 1592 582 1637 in
595 1590 732 1649 defendendi

50 1658 118 1720 ‚lege
129 1654 202 1718 Oppida
211 1658 328 1705 mulierum
339 1658 477 1715 adreraarius
487 1656 731 1719 etcaatigatorffiuipt

52 1724 123 1780 ¹hanc
138 1736 226 1783 quoque
240 1723 330 1785 majoris
344 1724 452 1771 momenti
465 1724 571 1770 adversus
586 1722 635 1780 ilias
647 1722 729 1793 legem,

50 1800 138 1837 ‚annos
149 1794 214 1834 muas
224 1788 321 1848 quinque
330 1794 354 1834 et
364 1789 485 1851 sexaginta,
499 1784 582 1849 magni
592 1802 648 1843 vooe
658 1794 681 1840 et
690 1787 731 1845 bp-

50 1851 103 1905 ,nis
112 1850 216 1898 lateribus
226 1852 302 1905 suasit,
316 1868 356 1914 pro
367 1852 431 1899 soliti
441 1854 559 1915 asperitate
568 1852 591 1909 in
601 1852 730 1911 muliebrem

52 1916 171 1975 damu!
187 1916 346 1979 impotentiam,
365 1917 559 1978 intolerandasque
576 1918 600 1963 in
618 1912 731 1978 opulenta

65 1978 171 2041 spiritus:
191 1995 240 2026 cum
255 1981 307 2039 hinc
321 1996 409 2042 quoque
422 1990 527 2044 argueret
540 1982 634 2028 divitum
646 1988 730 2039 matra-
786 1990 790 1995 ’

64 2058 147 2091 narum
162 2042 244 2090 fastum
260 2050 284 2090 et
299 2047 462 2107 arrogantiam,
476 2052 492 2075 “
502 2043 629 2105 quod'iilae,
647 2040 730 2104 magud

64 2107 362 2171 saepedotemaritoailatd,
377 2124 482 2171 magnam
497 2106 731 2169 sibipeouniamrsci-

63 2180 144 2235 perent
154 2188 181 2219 ac
192 2174 318 2227 retinerent,
331 2188 422 2233 eamque
432 2173 548 2235 peccuniam
558 2173 590 2218 ita
596 2178 674 2233 postea
681 2170 730 2214 viro

65 2237 155 2300 mganti
166 2244 267 2284 mutuam
278 2238 361 2291 darent,
374 2244 406 2291 nt,
418 2237 505 2296 quoties
515 2237 577 2281 iratae
587 2241 669 2286 essent,
685 2239 731 2278 sta-

64 2302 106 2348 tim
116 2316 157 2365 per
168 2302 307 2363 receptitium
318 2316 407 2348 servum
421 2306 586 2347 consectantem
600 2305 624 2345 et
633 2296 731 2357 quotidie

64 2364 205 2428 flagitantem
214 2366 354 2421 solutionem,
366 2366 477 2418 maritum,
489 2371 601 2425 nmquam
610 2362 730 2409 debitorem

63 2436 205 2484 extraneum,
219 2432 345 2493 importune
355 2427 488 2492 cogerent”
516 2427 569 2475 Hac
578 2426 731 2488 indignatione

64 2494 172 2541 commoti
188 2494 270 2557 legem,
287 2496 320 2542 uti
336 2496 428 2557 rogabat
442 2493 566 2546 Voconius,
582 2490 728 2553 accipiendam
