1792 2950
162 169 197 216 ss
257 165 388 218 n-arvu
402 166 675 218 naumann.
688 155 728 215 ssi
818 192 829 211 .

160 296 271 346 Nobilior.
286 297 418 347 ¹Consules
432 301 480 362 ejus
494 299 548 346 anni·
556 313 602 344 neo
616 296 676 344 domi
687 311 728 343 nec
742 293 835 342 minua

163 363 304 416 memorabile
314 363 431 423 quidquam
442 371 543 425 egerunt.

195 425 274 472 XLV.
295 425 323 472 ln
339 428 490 486 insequentem
505 442 588 472 annum
605 424 708 473 erearum
723 425 828 470 consides

161 490 198 545 Μ.
210 488 328 537 Claudium
340 489 480 544 Marcellum,
493 491 525 544 Q,
535 491 628 537 Fabium
637 489 773 536 Labeonem.
787 487 825 534 Μ.

162 553 276 607 chudius,
295 554 326 607 Q.
338 553 426 608 Fabius,
440 555 511 600 idibus
521 556 618 607 Martiis,
636 570 681 614 quo
694 554 730 599 die
744 565 828 599 conns-

159 618 229 664 latum
240 618 342 670 inierunt,
360 619 387 664 de
401 620 520 680 provinciis
535 620 580 665 suis
590 626 756 680 pratorumque
765 626 828 663 retn-

160 683 241 728 lerunt.
278 681 389 729 Praetores
408 685 475 737 creati
491 693 553 728 erant
574 681 601 730 C.
616 682 726 734 Valerius,
744 680 828 726 flarnen

160 744 243 799 Dialis,
260 747 298 806 qni
309 755 331 792 et
342 748 414 808 priore
424 762 484 793 anno
493 748 593 809 petierat,
611 755 634 792 et
646 747 683 807 Sp
696 741 827 792 Postumius

161 809 264 863 Albinus,
277 818 299 856 et
312 809 337 856 P.
353 810 471 857 Cornelius
483 812 583 862 Sisenna,
596 809 624 856 L
637 810 729 871 Pupius,
743 808 772 855 L
783 808 827 857 Ju-

158 873 210 926 lius,
229 873 272 922 Cn.
287 875 388 921 Sicinius.
424 873 559 923 Consulibus
570 874 673 937 Ligures,
685 889 736 919 enm
747 873 826 920 iisdem

159 939 290 984 exercitibus
306 955 362 998 quos
379 938 406 984 P.
425 938 532 988 Claudius
547 950 570 985 et
587 939 616 985 Ι..
634 939 728 984 Porcius
744 939 840 1004 babae·
889 960 890 969 κ

159 1009 216 1054 rant,
228 1003 340 1063 provincia
350 1003 437 1049 decreta
447 1013 489 1049 est.
523 1003 647 1065 Hispaniae,
659 1010 722 1049 extra
733 1009 824 1055 sortem,

158 1067 238 1126 prioris
249 1068 299 1112 anni
311 1067 447 1129 praetoribus,
457 1083 508 1114 cum
517 1069 563 1114 suis
570 1067 707 1119 exercitibus,
720 1073 823 1112 servatae.

159 1127 272 1177 Pressas
286 1131 317 1176 ita
332 1132 404 1178 sortiri
415 1133 480 1193 jussi,
498 1132 530 1178 uti
538 1131 622 1178 flamini
633 1131 694 1178 Diali
705 1132 783 1191 utique
792 1131 826 1177 al·

159 1200 207 1242 tera
212 1197 270 1257 juris
281 1196 365 1242 dicendi
377 1195 459 1242 Romae
470 1197 583 1258 provincia
593 1203 665 1241 esset:
684 1196 824 1256 peregrinam

158 1266 193 1305 est
201 1261 298 1306 sortitus.
326 1261 427 1307 Sisennae
436 1258 542 1308 Cornelio
554 1261 642 1312 urbana,
656 1260 694 1320 Sp.
706 1259 824 1305 Postumio

159 1323 240 1378 Sicilia,
258 1322 286 1370 L.
305 1323 377 1386 Pupio
393 1325 482 1386 Apulia,
500 1324 529 1370 L.
545 1323 607 1372 Julio
626 1324 706 1376 Gallis,
723 1323 769 1372 Cn·
788 1324 824 1371 si-

157 1389 215 1436 cinio
228 1389 327 1436 Sardinia
337 1390 418 1436 evenit.
452 1388 479 1434 L
490 1388 565 1437 Julius
575 1398 685 1435 maturare
695 1396 729 1434 est
735 1390 821 1450 jussus·-

158 1452 219 1501 Galli
238 1453 384 1517 Transalpini,
402 1470 442 1517 per
459 1455 527 1501 saltus
543 1455 628 1516 ignota
645 1462 710 1500 antea
725 1453 769 1500 viae
786 1453 823 1517 (ut

156 1524 208 1565 ante
222 1519 306 1565 dictum
320 1518 365 1579 est)
381 1520 404 1565 in
419 1518 507 1566 ltaliam
523 1516 660 1581 transgressi,
678 1518 785 1579 oppidum
799 1519 823 1564 in

156 1595 219 1643 agro,
235 1584 272 1642 qui
284 1598 343 1629 nunc
354 1591 389 1629 est
399 1583 556 1643 Aquileiensis,
569 1582 712 1629 aedilioabant.
744 1581 772 1627 ld
782 1597 822 1629 eos

152 1647 823 1772 umentia,

155 1770 259 1817 certiores
280 1770 375 1829 tacerem
399 1788 427 1818 ex
446 1775 481 1820 bis
499 1777 586 1836 placere
604 1776 696 1822 alterum
715 1776 822 1821 adversus

155 1834 235 1880 Gallos
251 1835 330 1882 ducere
347 1837 454 1899 legiones.
489 1839 599 1886 Extremo
607 1840 686 1901 prioris
695 1840 748 1885 anni
759 1854 822 1885 com·

154 1898 194 1943 itia
214 1899 285 1975 habita
304 1909 374 1978 erant,
397 1902 544 1950 indemortui
563 1903 607 1952 Cn.
622 1903 720 1952 Cornelii
736 1904 819 1957 boum,

153 1962 820 2093 “Sttffilttultttltitltttlltt

152 2091 253 2153 pontifex
269 2095 379 2141 maximus
394 2104 495 2142 mortuus
509 2105 557 2153 ast3
574 2097 597 2142 in
612 2099 675 2159 anus
689 2097 764 2142 locum
779 2096 817 2143 M.

153 2156 297 2219 Sempronius
310 2157 435 2206 Tuditanus
450 2160 550 2221 pontifex
564 2168 599 2208 est
614 2169 744 2223 cooptatus:
762 2174 820 2221 pore

151 2219 323 2274 tilexmaximus
334 2236 368 2271 est
379 2232 466 2270 creatus
478 2224 505 2273 C.
521 2226 627 2272 Servilius
638 2226 757 2273 Gesninus.
788 2224 816 2271 P.

152 2281 233 2332 Licinii
249 2287 332 2334 funeris
348 2287 413 2335 causi
430 2290 547 2335 visceratio
564 2290 629 2346 data3
646 2301 668 2336 et
683 2290 820 2351 gladiatores

149 2348 240 2397 neutum
250 2352 330 2414 viginti
341 2362 503 2414 pugnaverunt,
521 2362 544 2399 et
554 2354 599 2400 ludi
614 2354 717 2401 funebres
727 2368 768 2415 pes
778 2354 819 2399 tri·

151 2412 219 2459 duum
235 2414 301 2473 faeti3
319 2427 369 2478 post
386 2418 451 2463 ludos
468 2419 571 2480 epulum:
590 2419 613 2463 in
630 2425 682 2478 quo,
700 2434 752 2464 cam
767 2424 818 2465 toto

149 2473 201 2521 soro
218 2484 286 2525 strata
303 2482 397 2529 triclinia
415 2490 497 2536 essent,
514 2491 640 2543 tenpestas,
658 2496 710 2528 cum
728 2483 818 2545 magnis

150 2540 252 2611 procellis
262 2551 343 2599 coorta,
356 2546 431 2607 coligit
441 2547 558 2607 plerosque
568 2547 709 2594 tabernacula
719 2554 817 2594 statim

151 2612 175 2646 ru
191 2602 247 2651 loro.
282 2606 368 2656 Eadem
384 2610 450 2670 paulo
466 2618 525 2673 post,
542 2626 594 2658 eum
610 2612 707 2672 undique
722 2612 821 2659 dissere.
