1792 2950
180 122 312 175 cnvn
328 123 381 173 n»
394 122 475 174 xav.
495 124 555 175 co.
569 128 607 172 al.
678 128 726 187 aas

46 253 125 301 litate
134 254 203 301 editis
211 255 326 309 mandatis,
338 254 426 304 AEuum'
435 254 476 301 tibi
486 261 510 301 et
516 253 648 303 Maroneam
655 255 726 321 petiit.

51 316 96 365 Ita
111 317 224 366 destituti
237 335 315 367 eorum
330 335 376 381 ape,
390 320 436 379 qui,
452 318 643 383 fratrelaccusato,
659 322 729 381 pani.

51 383 147 429 tionem
160 384 223 446 regui
232 384 353 445 petiturum
366 383 508 437 crediderant,
525 385 607 430 curiam
623 385 725 431 excessit.

54 444 122 511 [Ut]
134 463 186 493 raro
196 449 250 494 alias
260 448 382 508 quisquam,
398 462 439 493 rex
448 454 487 493 aut
497 448 601 509 privatus,
618 455 680 497 tanto
693 448 727 495 fa·

54 515 120 557 vore'
126 518 235 572 tantoque
245 513 343 559 omnium
354 526 446 558 assensu
459 518 493 557 est
508 512 608 569 auditns;
626 514 728 561 omnibus
823 538 827 547 =

53 576 184 622 honoribus
202 577 378 637 muneribusque,
398 583 421 622 et
438 592 537 637 praesens
553 584 588 624 est
603 578 682 631 cultus,
703 585 727 625 et
750 588 755 595 '

54 640 239 701 proficiscentem
257 641 367 702 prosecuti
386 648 445 686 sunt
477 638 540 687 Inter
560 642 643 697 multas¹
662 643 726 691 Asiae
749 685 751 689 ,

59 705 207 765 Graeciaeque
216 706 346 767 legationes,
360 704 500 751 Rhodiorum
512 707 607 753 maxime
617 707 684 769 legati
696 708 727 753 ci-

56 770 156 815 vitatem
166 778 336 817 converterunt:
354 784 413 821 nam,
425 784 476 815 cum
487 770 558 831 primo
569 772 592 817 in
600 780 662 817 vesta
673 786 727 819 can-

58 832 113 880 didii
123 834 167 879 viai
176 842 258 887 essent,
273 834 333 893 quod
342 834 479 895 gratulantes
490 835 585 888 decebat,
602 842 631 896 et,
649 837 667 882 si
679 852 728 883 sor-

56 898 135 945 didam
156 907 242 945 vestem
258 898 390 952 habuissent,
409 899 534 960 lugentium
554 899 630 946 Persei
649 916 725 948 casum

58 964 162 1025 ptaebere
176 961 270 1025 speciem
283 971 399 1025 poterant3
414 971 531 1024 postquam
543 965 638 1011 consulti
649 965 725 1017 abM.

57 1026 132 1075 Junio
143 1028 235 1073 consule
246 1027 330 1080 Patres,
346 1028 455 1073 stantibus
464 1028 487 1071 in
499 1028 588 1073 comitio
598 1029 684 1091 legatis,
695 1044 726 1077 au

57 1093 145 1145 locum,
164 1092 238 1144 lautia,
255 1098 400 1151 senatumque
415 1090 499 1144 darent,
517 1092 600 1137 nullum
618 1092 726 1155 hospitale

54 1158 96 1219 jus
115 1156 139 1201 in
157 1155 185 1202 iia
202 1157 334 1202 serrandum
349 1162 495 1212 censueruut;
518 1170 620 1217 egressus
636 1172 649 1203 e
666 1156 727 1207 curid

58 1220 148 1273 consul,
165 1236 215 1266 cum
227 1220 316 1273 Rhodii,
333 1220 467 1283 gratulatum
482 1234 506 1265 se
519 1220 546 1265 de
557 1218 655 1273 victorii,
671 1237 725 1283 pur.

60 1292 185 1347 gatumque
192 1286 286 1331 civitatis
292 1285 391 1337 erimina,
400 1284 499 1331 dicentes
504 1284 598 1337 venisse,
608 1286 723 1347 petissent,

60 1357 88 1395 ut
99 1357 189 1396 senatus
199 1350 239 1395 sibi
249 1351 344 1400 daretur,
356 1348 495 1409 pronuntiat:
514 1348 607 1395 “Sociis
618 1356 641 1394 et
649 1349 725 1397 amicir

60 1421 86 1461 et
95 1414 139 1460 alia
148 1414 241 1461 comiter
252 1422 319 1474 atque
331 1413 466 1474 hospitaliter
480 1420 585 1474 praestare
599 1412 723 1468 Romanos,
736 1444 740 1451 -

60 1486 86 1526 et
96 1487 197 1526 senatum
207 1479 259 1526 dare
269 1477 400 1525 consuesse:
419 1477 521 1526 Rhodios
532 1493 578 1524 non
592 1479 622 1524 ita
633 1480 724 1527 meritos

60 1545 161 1597 eobello,
172 1551 196 1590 ut
203 1545 323 1590 amicorum
333 1544 442 1589 sociorum
451 1557 544 1589 numero
552 1543 643 1592 habendi
653 1541 724 1590 sint.”

62 1607 110 1656 His
120 1609 206 1662 auditis,
217 1616 383 1670 prostraverunt
394 1623 420 1654 se
428 1622 506 1654 omnes
516 1608 585 1660 humi,
599 1608 725 1654 consulem-

61 1688 115 1734 que,
126 1679 149 1718 et
159 1682 251 1720 cunctos
261 1674 299 1733 qui
309 1673 407 1725 aderant,
419 1679 514 1724 orantes,
526 1687 555 1718 ue
563 1671 725 1734 novafalaaque

37 1743 40 1746 ’
62 1738 153 1784 crimina
162 1738 212 1798 plna
223 1739 300 1784 obesse
310 1736 404 1784 Rhodiis
415 1753 503 1796 aequum
518 1745 640 1791 censerent,
657 1753 724 1799 quam

62 1803 151 1862 antiqua
160 1803 245 1856 merita,
257 1817 351 1862 quorum
361 1801 402 1862 ipsi
413 1809 482 1848 testes
492 1810 573 1869 essent
594 1801 723 1864 Extemplo,

62 1874 126 1913 veste
135 1865 222 1913 sordidi
232 1865 312 1919 sumti,
329 1866 408 1912 domos
421 1867 544 1928 principum
558 1883 609 1913 cum
624 1867 725 1929 precibus

62 1945 89 1978 ιο
98 1932 200 1991 lacrymis
210 1931 360 1983 circumibant,
376 1938 471 1984 orantes,
488 1939 513 1977 ut
527 1932 587 1993 prius
602 1947 726 1996 cognosca-

64 2001 113 2042 reut
123 2009 217 2049 causam,
229 2011 295 2055 quam
306 1994 512 2042 condemnarentur.

96 2057 167 2106 XXI.
188 2059 281 2106 Manius
298 2058 419 2108 Javeutius
437 2059 532 2112 llualna,
552 2068 641 2121 praetor,
662 2061 725 2122 cujus

64 2123 121 2170 iuter
131 2124 190 2170 cives
200 2132 223 2170 et
233 2124 362 2186 peregrinos
367 2123 493 2185 jurisdictio
504 2131 557 2183 erat,
569 2125 675 2186 populum
686 2123 725 2170 ad·

64 2203 141 2235 versus
151 2186 251 2236 Rhodios
265 2189 382 2235 incitabat:
401 2189 583 2250 rogationemque
597 2187 726 2250 promulga-
791 2245 793 2252 y

64 2260 132 2306 verat,
150 2252 210 2300 “Ut
224 2253 320 2300 Rhodiis
333 2252 416 2300 bellum
429 2252 574 2298 indiceretur:
596 2260 619 2298 et
633 2267 662 2298 ex
678 2266 726 2298 ma-

64 2316 190 2379 gistruubus
201 2319 248 2380 ejus
258 2317 310 2365 anni
321 2317 451 2380 deligerent,
464 2317 501 2376 qui
512 2317 540 2363 ad
550 2316 572 2362 id
582 2317 664 2362 bellum
675 2331 727 2363 cum

66 2382 135 2428 classe
152 2379 300 2436 mitteretur,”
324 2398 349 2429 se
366 2397 417 2433 eum
436 2396 527 2442 sperans
547 2379 646 2428 futurum
668 2395 725 2428 esse.

67 2445 128 2496 Huic
138 2447 218 2492 actioni
233 2447 269 2493 M.
280 2447 394 2494 Antonius
408 2453 431 2492 et
446 2445 483 2492 Μ.
494 2445 631 2508 Pomponius
646 2445 728 2492 tribuni

65 2510 133 2572 plebis
148 2511 326 2560 adversabantur.
354 2511 398 2560 Sed
414 2518 437 2557 et
453 2518 535 2571 praetor
552 2526 611 2557 novo
625 2509 729 2570 maloque

64 2575 165 2637 exenpla
176 2591 223 2622 rem
234 2577 349 2639 ingressus
360 2583 413 2629 erat,
425 2575 492 2636 quod,
508 2583 559 2623 ante
571 2590 616 2622 uon
627 2575 729 2622 consulto

66 2645 149 2692 maana
161 2653 206 2688 non
217 2643 344 2692 consulibus
355 2641 483 2695 certioribus
493 2638 566 2696 sactis,
578 2641 605 2688 de
616 2637 657 2690 suti
665 2640 730 2691 unior

96 2717 147 2750 voa.
160 2718 183 2750 r.
462 2709 504 2752 21
