1792 2950
191 151 220 202 Τ.
235 151 322 200 LIVII
338 151 459 238 mim*
479 152 539 203 Car.
554 146 592 203 1⁴2
694 163 727 209 78

46 297 108 332 mun
121 283 288 336 concurrimus,
305 283 429 342 etquidem
444 285 475 348 (si
489 284 543 331 Diis
552 284 636 347 piacet)
645 287 726 335 lustra·

49 349 142 395 tionum
155 347 193 393 die
205 347 318 393 occidere:
337 347 403 400 volui,
421 363 471 394 cum
482 349 510 394 ad
524 364 612 396 coenam
625 351 725 406 invitari,

50 427 144 460 veneno
156 411 244 457 scilicet
255 411 344 456 tollere:
358 412 425 465 volui,
438 426 488 458 cum
497 414 638 460 comissatum
647 416 727 476 gladiis

49 477 150 523 accincti
164 491 204 521 me
218 475 287 520 secuti
302 482 360 528 sunt,
377 474 436 521 ferro
450 477 578 524 interficere.
613 477 727 540 Tempora

50 542 147 601 quidem
160 539 235 600 qualia
244 539 322 585 sintad
332 540 470 600 parricidium
479 541 553 594 eiecta,
566 542 639 588 vides:
653 543 724 598 lusda,

49 605 164 657 convivii,
177 603 345 649 comissationis.
382 602 461 656 Quid?
471 605 517 650 dies
528 605 614 665 qualis?
624 622 667 667 quo
678 609 725 654 lus-

50 676 129 716 tratus
137 668 261 720 exercitus,
272 669 384 727 quainter
395 667 487 714 diuisam
497 669 616 721 victimam,
627 672 725 732 praelatis

50 733 169 785 omnium,
182 731 220 791 qui
231 745 327 791 unquam
337 729 406 787 fuere,
418 732 559 780 Macedoniae
570 749 647 795 mum
658 736 725 782 armis

50 797 133 858 regiis,
153 796 198 840 duo
215 795 255 840 soli
272 801 310 841 tua
325 803 426 856 tegentes
435 797 516 850 «latera,
534 804 601 858 pater,
618 801 724 859 praevecti
781 790 784 798 ¹

50 874 146 912 sumus,
164 865 188 904 et
206 866 305 905 secutum
324 867 359 904 est
376 859 528 906 Macedonum
546 877 635 923 agmen.
669 862 725 910 Hoc

50 941 111 986 ego,
131 923 198 968 ctiam
213 924 230 968 si
245 923 297 983 quid
312 931 363 969 ante
377 923 512 971 admisissem
523 925 609 987 piaculo
622 927 723 989 dignum,

50 990 169 1035 lustratus
179 993 201 1032 et
211 987 310 1048 expiatus
325 1002 394 1042 sacro,
412 995 460 1034 tum
471 1003 521 1034 cun
532 985 629 1036 maxime
638 992 661 1036 in
673 993 726 1038 hoa

50 1054 112 1100 tiam
128 1051 200 1097 itineri
212 1058 290 1098 nostro
296 1051 454 1098 circumdatum
464 1052 559 1106 intuens,
576 1056 723 1116 parricidium,

50 1126 153 1168 venena,
171 1115 263 1176 gladios,
281 1116 304 1160 in
315 1116 492 1163 comissationem
502 1127 642 1180 praeparatos,
659 1121 726 1166 volu-

49 1183 131 1228 tabam
149 1180 172 1224 in
189 1179 276 1236 animo:
296 1187 321 1224 ut
336 1180 415 1239 quibus
431 1181 479 1226 aliia
495 1181 572 1226 deinde
588 1184 655 1229 sacris
669 1199 725 1230 con·

52 1246 188 1292 caminatam
201 1243 262 1289 omui
273 1243 354 1290 scelere
364 1251 462 1289 mentem
473 1245 602 1306 expiarent?
625 1247 669 1292 Sed
679 1263 725 1293 οω-

52 1325 96 1357 cus
105 1307 237 1354 criminandi
244 1307 362 1368 cupiditate
370 1308 463 1360 animus,
475 1308 527 1354 dum
539 1309 614 1354 omnia
624 1317 725 1370 suspecta

52 1373 147 1421 efficere
157 1372 214 1424 vult,
232 1371 290 1418 aliud
300 1371 342 1418 alio
353 1371 481 1418 confunda:
500 1385 560 1423 nam,
575 1373 593 1417 si
604 1386 691 1421 veneno
701 1380 726 1420 te

51 1439 117 1486 inter
135 1451 223 1483 coenam
242 1436 320 1483 tollere
337 1436 405 1491 volui,
423 1435 475 1496 quid
493 1435 567 1481 minus
582 1442 657 1497 aptum
672 1435 723 1491 fuit,

53 1516 128 1564 quam
138 1502 243 1562 pertinaci
254 1502 380 1549 certamine·
388 1507 411 1546 et
425 1514 535 1547 concursu
548 1500 628 1546 iratum
642 1508 666 1547 te
675 1501 724 1547 edi.

53 1581 120 1618 cere,
138 1572 164 1611 ut
173 1566 251 1611 merito
262 1566 331 1628 (sicut
340 1562 423 1624 fecisti)
434 1565 540 1611 invitans
550 1565 578 1610 ad
588 1578 674 1612 coenam
685 1566 726 1612 ab·

52 1628 159 1678 nueres?
176 1627 233 1677 Cum
242 1638 315 1677 autem
326 1630 395 1676 iratus
409 1627 521 1691 degisset,
538 1636 619 1684 utrum,
637 1638 663 1677 ut
677 1630 725 1692 pla·

53 1710 133 1743 carem
151 1700 181 1748 te,
199 1694 269 1740 danda
286 1710 352 1757 opera
364 1692 413 1747 fuit,
432 1701 458 1739 ut
469 1694 532 1740 aliam
547 1708 669 1755 quaererem
684 1710 725 1742 oc·

52 1759 679 1878 {diuidifflssffiiffimami'iiiii
694 1774 724 1871 :t

51 1888 119 1935 ferro
129 1892 161 1939 te,
173 1893 196 1932 et
205 1887 292 1946 quidem
307 1902 334 1933 eo
345 1887 386 1941 die,
397 1903 437 1949 per
448 1888 542 1949 speciem
553 1888 721 1943 comissationis

52 1949 201 2000 occiderem?
218 1950 271 2005 Quo
279 1952 357 1998 deinde
367 1953 440 2005 modo,
453 1954 471 1999 si
482 1960 505 1999 te
514 1960 575 1999 metu
585 1955 664 2001 mortis
675 1968 725 2000 ere—

53 2018 136 2063 debam
154 2029 241 2061 coenam
258 2014 352 2062 caune
367 2032 446 2070 meam,
464 2030 509 2063 non
525 2018 645 2064 abeodem
661 2025 724 2063 metu

54 2080 237 2127 comissationem
248 2094 335 2141 quoque
345 2081 477 2127 evitaturum
488 2081 656 2127 existimabam?
715 2104 718 2112 ·

57 2142 162 2196 ,·le.
184 2150 199 2172 “
208 2142 262 2189 Non
274 2151 308 2190 est
318 2158 360 2198 res,
377 2143 421 2205 qui
431 2147 564 2196 erubescam,
576 2152 645 2205 pater,
659 2143 725 2189 sidia

51 2210 114 2256 festo
124 2209 185 2254 inter
199 2208 294 2267 aequales
304 2208 400 2269 largiore
413 2209 467 2254 vino
481 2224 530 2254 sum
544 2224 612 2255 usus:
631 2215 656 2252 tu
665 2222 724 2269 quo-

52 2288 106 2335 quc,
124 2273 201 2325 velim,
218 2273 321 2332 inquiras,
338 2271 381 2333 qui
394 2271 479 2325 laetitia,
496 2287 540 2332 quo
554 2272 604 2317 lusu
619 2270 677 2331 apud
687 2285 726 2316 me
792 2321 794 2324 ¹

53 2338 191 2384 celebratum
200 2337 328 2383 hesternum
335 2336 463 2382 convivium
475 2337 510 2388 sit,
522 2336 560 2381 illo
568 2335 634 2381 etiam
644 2335 725 2396 (pravo

52 2398 162 2460 forsitan)
178 2401 259 2462 gaudio
273 2402 415 2461 provehente,
433 2400 492 2459 quod
506 2400 530 2443 in
540 2399 639 2461 Juvenali
649 2414 724 2445 mmo-

54 2480 107 2512 rum
119 2466 240 2512 certamine
254 2480 305 2526 pars
319 2472 396 2511 nostra
406 2479 452 2509 non
462 2463 552 2509 inferior
561 2464 640 2509 iuerat.
675 2464 725 2510 Mi·

54 2530 114 2577 scria
121 2531 172 2577 haec
179 2536 206 2575 ‚et
217 2537 291 2575 metus
301 2530 412 2590 crapulam
423 2528 487 2574 facile
497 2535 642 2573 excussemnt
648 2545 656 2585 ;
672 2542 726 2588 quas

54 2596 74 2640 si
91 2608 140 2640 non
157 2593 335 2647 interemissent,
352 2592 492 2639 insidiatores
507 2607 549 2638 noa
564 2591 629 2653 sopiti
638 2594 726 2655 jacere·

54 2672 115 2705 mus
152 2658 178 2705 Si
194 2658 285 2707 domum
303 2665 364 2705 tuam
381 2664 554 2719 enpugmturus,
572 2656 636 2720 capti
650 2658 726 2707 dono,

88 2736 143 2770 voa.
158 2736 180 2769 v.
483 2735 501 2765 Η
