<?xml version="1.0" encoding="UTF-8"?>
<!DOCTYPE html PUBLIC "-//W3C//DTD XHTML 1.0 Transitional//EN"
    "http://www.w3.org/TR/xhtml1/DTD/xhtml1-transitional.dtd">
<html xmlns="http://www.w3.org/1999/xhtml" xml:lang="en" lang="en">
 <head>
  <title>
</title>
<meta http-equiv="Content-Type" content="text/html;charset=utf-8" />
  <meta name='ocr-system' content='tesseract 3.04.00' />
  <meta name='ocr-capabilities' content='ocr_page ocr_carea ocr_par ocr_line ocrx_word'/>
</head>
<body>
  <div class='ocr_page' id='page_1' title='image "./tliviipatavinih00caregoog_0098.png"; bbox 0 0 1792 2950; ppageno 0'>
   <div class='ocr_carea' id='block_1_1' title="bbox 218 154 755 227">
    <p class='ocr_par' dir='ltr' id='par_1_1' title="bbox 218 154 755 227">
     <span class='ocr_line' id='line_1_1' title="bbox 218 154 755 227; baseline 0.007 -14"><span class='ocrx_word' id='word_1_1' title='bbox 218 165 247 213; x_wconf 92' lang='lat' dir='ltr'><strong>T.</strong></span> <span class='ocrx_word' id='word_1_2' title='bbox 261 163 350 214; x_wconf 81' lang='lat' dir='ltr'><strong>1erss</strong></span> <span class='ocrx_word' id='word_1_3' title='bbox 366 167 418 216; x_wconf 80' lang='lat' dir='ltr'><strong>Lm.</strong></span> <span class='ocrx_word' id='word_1_4' title='bbox 435 168 489 216; x_wconf 71' lang='lat' dir='ltr'><strong>xl.</strong></span> <span class='ocrx_word' id='word_1_5' title='bbox 509 167 569 218; x_wconf 79' lang='lat' dir='ltr'><strong>Car.</strong></span> <span class='ocrx_word' id='word_1_6' title='bbox 584 175 623 218; x_wconf 80' lang='lat' dir='ltr'><strong>st.</strong></span> <span class='ocrx_word' id='word_1_7' title='bbox 649 154 654 164; x_wconf 56' lang='grc'>’</span> <span class='ocrx_word' id='word_1_8' title='bbox 724 179 755 227; x_wconf 70' lang='lat'><strong>09</strong></span> 
     </span>
    </p>
   </div>
   <div class='ocr_carea' id='block_1_2' title="bbox 40 292 814 2793">
    <p class='ocr_par' dir='ltr' id='par_1_2' title="bbox 83 292 755 554">
     <span class='ocr_line' id='line_1_2' title="bbox 87 292 755 362; baseline 0.018 -21"><span class='ocrx_word' id='word_1_9' title='bbox 87 292 141 343; x_wconf 77' lang='lat' dir='ltr'><strong>tibio</strong></span> <span class='ocrx_word' id='word_1_10' title='bbox 150 297 244 359; x_wconf 82' lang='lat' dir='ltr'><strong>praetori</strong></span> <span class='ocrx_word' id='word_1_11' title='bbox 258 299 381 360; x_wconf 84' lang='lat' dir='ltr'><strong>majorique</strong></span> <span class='ocrx_word' id='word_1_12' title='bbox 394 301 451 360; x_wconf 83' lang='lat' dir='ltr'><strong>parti</strong></span> <span class='ocrx_word' id='word_1_13' title='bbox 465 300 603 346; x_wconf 74' lang='lat' dir='ltr'><strong>tribunonrm</strong></span> <span class='ocrx_word' id='word_1_14' title='bbox 614 301 755 362; x_wconf 72' lang='lat' dir='ltr'><strong>ptebtsvtue·</strong></span> 
     </span>
     <span class='ocr_line' id='line_1_3' title="bbox 86 361 755 416; baseline 0.009 -7"><span class='ocrx_word' id='word_1_15' title='bbox 86 369 151 415; x_wconf 89' lang='lat' dir='ltr'><strong>retur,</strong></span> <span class='ocrx_word' id='word_1_16' title='bbox 165 361 257 408; x_wconf 90' lang='lat' dir='ltr'><strong>domino</strong></span> <span class='ocrx_word' id='word_1_17' title='bbox 268 377 317 409; x_wconf 88' lang='lat' dir='ltr'><strong>esse</strong></span> <span class='ocrx_word' id='word_1_18' title='bbox 328 363 485 410; x_wconf 85' lang='lat' dir='ltr'><strong>solvendum.”</strong></span> <span class='ocrx_word' id='word_1_19' title='bbox 515 364 544 411; x_wconf 90' lang='lat' dir='ltr'><strong>ld</strong></span> <span class='ocrx_word' id='word_1_20' title='bbox 554 367 625 412; x_wconf 87' lang='lat' dir='ltr'><strong>scriba</strong></span> <span class='ocrx_word' id='word_1_21' title='bbox 635 381 681 412; x_wconf 87' lang='lat' dir='ltr'><strong>non</strong></span> <span class='ocrx_word' id='word_1_22' title='bbox 692 383 755 416; x_wconf 76' lang='lat' dir='ltr'><strong>acce-</strong></span> 
     </span>
     <span class='ocr_line' id='line_1_4' title="bbox 83 427 755 490; baseline 0.012 -18"><span class='ocrx_word' id='word_1_23' title='bbox 83 428 128 488; x_wconf 86' lang='lat' dir='ltr'><strong>pit:</strong></span> <span class='ocrx_word' id='word_1_24' title='bbox 147 427 233 480; x_wconf 83' lang='lat' dir='ltr'><strong>libriin</strong></span> <span class='ocrx_word' id='word_1_25' title='bbox 245 428 342 481; x_wconf 88' lang='lat' dir='ltr'><strong>comitio,</strong></span> <span class='ocrx_word' id='word_1_26' title='bbox 359 429 413 490; x_wconf 85' lang='lat' dir='ltr'><strong>igne</strong></span> <span class='ocrx_word' id='word_1_27' title='bbox 423 445 437 475; x_wconf 87' lang='lat' dir='ltr'><strong>a</strong></span> <span class='ocrx_word' id='word_1_28' title='bbox 446 430 574 477; x_wconf 81' lang='lat' dir='ltr'><strong>victimariis</strong></span> <span class='ocrx_word' id='word_1_29' title='bbox 584 431 650 485; x_wconf 78' lang='lat' dir='ltr'><strong>lacto,</strong></span> <span class='ocrx_word' id='word_1_30' title='bbox 664 433 688 478; x_wconf 89' lang='lat' dir='ltr'><strong>in</strong></span> <span class='ocrx_word' id='word_1_31' title='bbox 700 450 755 480; x_wconf 91' lang='lat' dir='ltr'><strong>con-</strong></span> 
     </span>
     <span class='ocr_line' id='line_1_5' title="bbox 83 493 421 554; baseline 0.006 -17"><span class='ocrx_word' id='word_1_32' title='bbox 83 499 161 554; x_wconf 83' lang='lat' dir='ltr'><strong>spectu</strong></span> <span class='ocrx_word' id='word_1_33' title='bbox 172 493 249 554; x_wconf 88' lang='lat' dir='ltr'><strong>populi</strong></span> <span class='ocrx_word' id='word_1_34' title='bbox 261 494 350 539; x_wconf 89' lang='lat' dir='ltr'><strong>cremati</strong></span> <span class='ocrx_word' id='word_1_35' title='bbox 363 501 421 539; x_wconf 77' lang='lat' dir='ltr'><strong>sunt.</strong></span> 
     </span>
    </p>

    <p class='ocr_par' dir='ltr' id='par_1_3' title="bbox 40 555 759 1391">
     <span class='ocr_line' id='line_1_6' title="bbox 114 555 759 618; baseline 0.012 -17"><span class='ocrx_word' id='word_1_36' title='bbox 114 555 202 602; x_wconf 85' lang='lat' dir='ltr'>XXX.</span> <span class='ocrx_word' id='word_1_37' title='bbox 229 557 342 618; x_wconf 86' lang='lat' dir='ltr'><strong>Magnum</strong></span> <span class='ocrx_word' id='word_1_38' title='bbox 361 558 443 604; x_wconf 89' lang='lat' dir='ltr'><strong>bellum</strong></span> <span class='ocrx_word' id='word_1_39' title='bbox 463 556 489 605; x_wconf 76' lang='lat' dir='ltr'><strong>ei</strong></span> <span class='ocrx_word' id='word_1_40' title='bbox 510 567 587 606; x_wconf 81' lang='lat' dir='ltr'><strong>aestate</strong></span> <span class='ocrx_word' id='word_1_41' title='bbox 608 567 709 608; x_wconf 87' lang='lat' dir='ltr'><strong>coortum</strong></span> <span class='ocrx_word' id='word_1_42' title='bbox 727 564 759 610; x_wconf 82' lang='lat' dir='ltr'><strong>in·</strong></span> 
     </span>
     <span class='ocr_line' id='line_1_7' title="bbox 81 618 753 686; baseline 0.01 -19"><span class='ocrx_word' id='word_1_43' title='bbox 81 618 196 682; x_wconf 73' lang='lat' dir='ltr'><strong>Hispaniis</strong></span> <span class='ocrx_word' id='word_1_44' title='bbox 216 622 323 668; x_wconf 82' lang='lat' dir='ltr'><strong>citeriore.</strong></span> <span class='ocrx_word' id='word_1_45' title='bbox 363 623 401 668; x_wconf 81' lang='lat' dir='ltr'><strong>Ad</strong></span> <span class='ocrx_word' id='word_1_46' title='bbox 420 624 516 684; x_wconf 89' lang='lat' dir='ltr'><strong>quinque</strong></span> <span class='ocrx_word' id='word_1_47' title='bbox 535 632 558 670; x_wconf 86' lang='lat' dir='ltr'><strong>et</strong></span> <span class='ocrx_word' id='word_1_48' title='bbox 576 626 667 686; x_wconf 82' lang='lat' dir='ltr'><strong>triginta</strong></span> <span class='ocrx_word' id='word_1_49' title='bbox 685 629 753 675; x_wconf 87' lang='lat' dir='ltr'><strong>millia</strong></span> 
     </span>
     <span class='ocr_line' id='line_1_8' title="bbox 80 683 752 748; baseline 0.012 -18"><span class='ocrx_word' id='word_1_50' title='bbox 80 687 200 731; x_wconf 90' lang='lat' dir='ltr'><strong>hominum</strong></span> <span class='ocrx_word' id='word_1_51' title='bbox 218 683 335 748; x_wconf 84' lang='lat' dir='ltr'><strong>(quantum</strong></span> <span class='ocrx_word' id='word_1_52' title='bbox 347 701 460 747; x_wconf 80' lang='lat' dir='ltr'><strong>nunquam</strong></span> <span class='ocrx_word' id='word_1_53' title='bbox 471 687 542 734; x_wconf 85' lang='lat' dir='ltr'><strong>ferme</strong></span> <span class='ocrx_word' id='word_1_54' title='bbox 552 687 626 748; x_wconf 80' lang='lat' dir='ltr'><strong>antea)</strong></span> <span class='ocrx_word' id='word_1_55' title='bbox 645 689 752 738; x_wconf 76' lang='lat' dir='ltr'><strong>Celtiberi</strong></span> 
     </span>
     <span class='ocr_line' id='line_1_9' title="bbox 79 751 752 812; baseline 0.01 -16"><span class='ocrx_word' id='word_1_56' title='bbox 79 758 272 812; x_wconf 84' lang='lat' dir='ltr'><strong>comparaverant.</strong></span> <span class='ocrx_word' id='word_1_57' title='bbox 309 751 341 804; x_wconf 83' lang='lat' dir='ltr'><strong>Q.</strong></span> <span class='ocrx_word' id='word_1_58' title='bbox 355 751 448 798; x_wconf 86' lang='lat' dir='ltr'><strong>Fulvius</strong></span> <span class='ocrx_word' id='word_1_59' title='bbox 465 752 560 799; x_wconf 75' lang='lat' dir='ltr'>Flaccus</span> <span class='ocrx_word' id='word_1_60' title='bbox 577 769 625 799; x_wconf 85' lang='lat' dir='ltr'><strong>eam</strong></span> <span class='ocrx_word' id='word_1_61' title='bbox 640 756 752 803; x_wconf 77' lang='lat' dir='ltr'><strong>obtinebat</strong></span> 
     </span>
     <span class='ocr_line' id='line_1_10' title="bbox 78 815 750 878; baseline 0.01 -18"><span class='ocrx_word' id='word_1_62' title='bbox 78 815 233 878; x_wconf 87' lang='lat' dir='ltr'><strong>provinciam:</strong></span> <span class='ocrx_word' id='word_1_63' title='bbox 258 816 284 868; x_wconf 91' lang='lat' dir='ltr'><strong>is,</strong></span> <span class='ocrx_word' id='word_1_64' title='bbox 303 816 354 876; x_wconf 87' lang='lat' dir='ltr'><strong>quia</strong></span> <span class='ocrx_word' id='word_1_65' title='bbox 370 832 455 862; x_wconf 88' lang='lat' dir='ltr'><strong>armare</strong></span> <span class='ocrx_word' id='word_1_66' title='bbox 466 818 608 878; x_wconf 85' lang='lat' dir='ltr'><strong>juventutem</strong></span> <span class='ocrx_word' id='word_1_67' title='bbox 625 817 750 867; x_wconf 78' lang='lat' dir='ltr'><strong>Celtiberos</strong></span> 
     </span>
     <span class='ocr_line' id='line_1_11' title="bbox 80 880 752 942; baseline 0.007 -16"><span class='ocrx_word' id='word_1_68' title='bbox 80 881 189 932; x_wconf 78' lang='lat' dir='ltr'><strong>audierat,</strong></span> <span class='ocrx_word' id='word_1_69' title='bbox 203 880 289 941; x_wconf 87' lang='lat' dir='ltr'><strong>etipse,</strong></span> <span class='ocrx_word' id='word_1_70' title='bbox 306 887 388 940; x_wconf 81' lang='lat' dir='ltr'><strong>quanta</strong></span> <span class='ocrx_word' id='word_1_71' title='bbox 397 889 490 942; x_wconf 84' lang='lat' dir='ltr'><strong>poterat,</strong></span> <span class='ocrx_word' id='word_1_72' title='bbox 506 897 519 927; x_wconf 88' lang='lat' dir='ltr'><strong>a</strong></span> <span class='ocrx_word' id='word_1_73' title='bbox 530 883 595 928; x_wconf 84' lang='lat' dir='ltr'><strong>sociis</strong></span> <span class='ocrx_word' id='word_1_74' title='bbox 606 884 686 930; x_wconf 83' lang='lat' dir='ltr'><strong>auxilia</strong></span> <span class='ocrx_word' id='word_1_75' title='bbox 696 900 752 931; x_wconf 87' lang='lat' dir='ltr'><strong>con-</strong></span> 
     </span>
     <span class='ocr_line' id='line_1_12' title="bbox 80 942 750 1004; baseline 0.007 -14"><span class='ocrx_word' id='word_1_76' title='bbox 80 950 197 1004; x_wconf 50' lang='lat' dir='ltr'><strong>traxeram</strong></span> <span class='ocrx_word' id='word_1_77' title='bbox 222 945 260 990; x_wconf 88' lang='lat' dir='ltr'><strong>sed</strong></span> <span class='ocrx_word' id='word_1_78' title='bbox 279 942 416 1004; x_wconf 75' lang='lat' dir='ltr'><strong>nequisquam</strong></span> <span class='ocrx_word' id='word_1_79' title='bbox 436 961 530 992; x_wconf 89' lang='lat' dir='ltr'><strong>numero</strong></span> <span class='ocrx_word' id='word_1_80' title='bbox 548 947 643 992; x_wconf 88' lang='lat' dir='ltr'><strong>militum</strong></span> <span class='ocrx_word' id='word_1_81' title='bbox 662 949 750 994; x_wconf 84' lang='lat' dir='ltr'><strong>bostem</strong></span> 
     </span>
     <span class='ocr_line' id='line_1_13' title="bbox 80 1008 749 1073; baseline 0.007 -19"><span class='ocrx_word' id='word_1_82' title='bbox 80 1009 191 1070; x_wconf 78' lang='lat' dir='ltr'><strong>aequabat.</strong></span> <span class='ocrx_word' id='word_1_83' title='bbox 226 1008 340 1070; x_wconf 88' lang='lat' dir='ltr'><strong>Principio</strong></span> <span class='ocrx_word' id='word_1_84' title='bbox 354 1010 413 1056; x_wconf 85' lang='lat' dir='ltr'><strong>veris</strong></span> <span class='ocrx_word' id='word_1_85' title='bbox 427 1011 548 1056; x_wconf 79' lang='lat' dir='ltr'><strong>exercitum</strong></span> <span class='ocrx_word' id='word_1_86' title='bbox 559 1011 582 1055; x_wconf 89' lang='lat' dir='ltr'><strong>in</strong></span> <span class='ocrx_word' id='word_1_87' title='bbox 594 1010 749 1073; x_wconf 77' lang='lat' dir='ltr'><strong>Carpetamarn</strong></span> 
     </span>
     <span class='ocr_line' id='line_1_14' title="bbox 78 1073 749 1136; baseline 0.007 -17"><span class='ocrx_word' id='word_1_88' title='bbox 78 1073 153 1126; x_wconf 83' lang='lat' dir='ltr'><strong>duxit,</strong></span> <span class='ocrx_word' id='word_1_89' title='bbox 170 1081 192 1119; x_wconf 85' lang='lat' dir='ltr'><strong>et</strong></span> <span class='ocrx_word' id='word_1_90' title='bbox 203 1081 275 1119; x_wconf 86' lang='lat' dir='ltr'><strong>castra</strong></span> <span class='ocrx_word' id='word_1_91' title='bbox 284 1074 366 1120; x_wconf 80' lang='lat' dir='ltr'><strong>locavit</strong></span> <span class='ocrx_word' id='word_1_92' title='bbox 377 1075 404 1120; x_wconf 88' lang='lat' dir='ltr'><strong>ad</strong></span> <span class='ocrx_word' id='word_1_93' title='bbox 415 1075 519 1136; x_wconf 90' lang='lat' dir='ltr'><strong>oppidum</strong></span> <span class='ocrx_word' id='word_1_94' title='bbox 531 1074 646 1128; x_wconf 84' lang='lat' dir='ltr'><strong>AEburam,</strong></span> <span class='ocrx_word' id='word_1_95' title='bbox 661 1078 749 1124; x_wconf 89' lang='lat' dir='ltr'><strong>modico</strong></span> 
     </span>
     <span class='ocr_line' id='line_1_15' title="bbox 76 1137 748 1200; baseline 0.006 -16"><span class='ocrx_word' id='word_1_96' title='bbox 76 1137 184 1200; x_wconf 81' lang='lat' dir='ltr'><strong>praesidio</strong></span> <span class='ocrx_word' id='word_1_97' title='bbox 194 1138 218 1183; x_wconf 90' lang='lat' dir='ltr'><strong>in</strong></span> <span class='ocrx_word' id='word_1_98' title='bbox 227 1138 281 1184; x_wconf 91' lang='lat' dir='ltr'><strong>urbe</strong></span> <span class='ocrx_word' id='word_1_99' title='bbox 287 1139 367 1199; x_wconf 86' lang='lat' dir='ltr'><strong>posito.</strong></span> <span class='ocrx_word' id='word_1_100' title='bbox 395 1138 476 1184; x_wconf 79' lang='lat' dir='ltr'><strong>Paucis</strong></span> <span class='ocrx_word' id='word_1_101' title='bbox 486 1146 537 1199; x_wconf 93' lang='lat' dir='ltr'><strong>post</strong></span> <span class='ocrx_word' id='word_1_102' title='bbox 548 1140 624 1185; x_wconf 89' lang='lat' dir='ltr'><strong>diebus</strong></span> <span class='ocrx_word' id='word_1_103' title='bbox 635 1139 748 1195; x_wconf 71' lang='lat' dir='ltr'><strong>Celtiberi,</strong></span> 
     </span>
     <span class='ocr_line' id='line_1_16' title="bbox 77 1201 746 1264; baseline 0.003 -15"><span class='ocrx_word' id='word_1_104' title='bbox 77 1203 150 1249; x_wconf 84' lang='lat' dir='ltr'><strong>millia</strong></span> <span class='ocrx_word' id='word_1_105' title='bbox 169 1203 213 1249; x_wconf 89' lang='lat' dir='ltr'><strong>duo</strong></span> <span class='ocrx_word' id='word_1_106' title='bbox 228 1201 299 1248; x_wconf 79' lang='lat' dir='ltr'><strong>ferme</strong></span> <span class='ocrx_word' id='word_1_107' title='bbox 315 1203 373 1256; x_wconf 89' lang='lat' dir='ltr'><strong>inde,</strong></span> <span class='ocrx_word' id='word_1_108' title='bbox 394 1204 434 1248; x_wconf 89' lang='lat' dir='ltr'><strong>sub</strong></span> <span class='ocrx_word' id='word_1_109' title='bbox 451 1204 508 1249; x_wconf 92' lang='lat' dir='ltr'><strong>colle</strong></span> <span class='ocrx_word' id='word_1_110' title='bbox 523 1211 644 1264; x_wconf 85' lang='lat' dir='ltr'><strong>posuerunt</strong></span> <span class='ocrx_word' id='word_1_111' title='bbox 661 1214 746 1251; x_wconf 81' lang='lat' dir='ltr'><strong>castra:</strong></span> 
     </span>
     <span class='ocr_line' id='line_1_17' title="bbox 77 1267 749 1329; baseline 0.001 -15"><span class='ocrx_word' id='word_1_112' title='bbox 77 1283 136 1329; x_wconf 92' lang='lat' dir='ltr'><strong>quos</strong></span> <span class='ocrx_word' id='word_1_113' title='bbox 148 1268 186 1313; x_wconf 92' lang='lat' dir='ltr'><strong>ubi</strong></span> <span class='ocrx_word' id='word_1_114' title='bbox 197 1267 274 1314; x_wconf 86' lang='lat' dir='ltr'><strong>adesse</strong></span> <span class='ocrx_word' id='word_1_115' title='bbox 283 1275 366 1328; x_wconf 83' lang='lat' dir='ltr'><strong>praetor</strong></span> <span class='ocrx_word' id='word_1_116' title='bbox 376 1267 495 1314; x_wconf 90' lang='lat' dir='ltr'><strong>Romanus</strong></span> <span class='ocrx_word' id='word_1_117' title='bbox 506 1269 580 1320; x_wconf 80' lang='lat' dir='ltr'><strong>sensit,</strong></span> <span class='ocrx_word' id='word_1_118' title='bbox 593 1268 631 1313; x_wconf 85' lang='grc' dir='ltr'><strong>Μ.</strong></span> <span class='ocrx_word' id='word_1_119' title='bbox 643 1268 749 1315; x_wconf 80' lang='lat' dir='ltr'><strong>Fulvium</strong></span> 
     </span>
     <span class='ocr_line' id='line_1_18' title="bbox 40 1332 749 1391; baseline 0.001 -13"><span class='ocrx_word' id='word_1_120' title='bbox 40 1381 48 1390; x_wconf 53' lang='grc'><strong><em>,</em></strong></span> <span class='ocrx_word' id='word_1_121' title='bbox 75 1333 172 1378; x_wconf 82' lang='lat' dir='ltr'><strong>fratrem</strong></span> <span class='ocrx_word' id='word_1_122' title='bbox 183 1347 234 1379; x_wconf 89' lang='lat' dir='ltr'><strong>cum</strong></span> <span class='ocrx_word' id='word_1_123' title='bbox 246 1332 329 1378; x_wconf 88' lang='lat' dir='ltr'><strong>duabus</strong></span> <span class='ocrx_word' id='word_1_124' title='bbox 339 1333 418 1378; x_wconf 87' lang='lat' dir='ltr'><strong>turmis</strong></span> <span class='ocrx_word' id='word_1_125' title='bbox 429 1333 540 1378; x_wconf 89' lang='lat' dir='ltr'><strong>sociorum</strong></span> <span class='ocrx_word' id='word_1_126' title='bbox 551 1333 650 1391; x_wconf 79' lang='lat' dir='ltr'><strong>equitum</strong></span> <span class='ocrx_word' id='word_1_127' title='bbox 660 1334 688 1378; x_wconf 88' lang='lat' dir='ltr'><strong>ad</strong></span> <span class='ocrx_word' id='word_1_128' title='bbox 701 1349 749 1379; x_wconf 84' lang='lat' dir='ltr'><strong>cas-</strong></span> 
     </span>
    </p>

    <p class='ocr_par' dir='ltr' id='par_1_4' title="bbox 56 1396 809 2554">
     <span class='ocr_line' id='line_1_19' title="bbox 75 1396 749 1457; baseline 0 -14"><span class='ocrx_word' id='word_1_129' title='bbox 75 1405 114 1444; x_wconf 88' lang='lat' dir='ltr'><strong>tra</strong></span> <span class='ocrx_word' id='word_1_130' title='bbox 126 1398 225 1442; x_wconf 88' lang='lat' dir='ltr'><strong>hostium</strong></span> <span class='ocrx_word' id='word_1_131' title='bbox 242 1397 377 1457; x_wconf 87' lang='lat' dir='ltr'><strong>speculatum</strong></span> <span class='ocrx_word' id='word_1_132' title='bbox 392 1397 460 1449; x_wconf 87' lang='lat' dir='ltr'><strong>misit,</strong></span> <span class='ocrx_word' id='word_1_133' title='bbox 478 1411 543 1455; x_wconf 86' lang='lat' dir='ltr'><strong>quam</strong></span> <span class='ocrx_word' id='word_1_134' title='bbox 557 1396 659 1455; x_wconf 84' lang='lat' dir='ltr'><strong>proxime</strong></span> <span class='ocrx_word' id='word_1_135' title='bbox 673 1411 749 1443; x_wconf 85' lang='lat' dir='ltr'><strong>succe-</strong></span> 
     </span>
     <span class='ocr_line' id='line_1_20' title="bbox 77 1460 747 1523; baseline -0.003 -15"><span class='ocrx_word' id='word_1_136' title='bbox 77 1463 133 1508; x_wconf 81' lang='lat' dir='ltr'><strong>dere</strong></span> <span class='ocrx_word' id='word_1_137' title='bbox 150 1462 177 1509; x_wconf 90' lang='lat' dir='ltr'><strong>ad</strong></span> <span class='ocrx_word' id='word_1_138' title='bbox 195 1461 277 1508; x_wconf 88' lang='lat' dir='ltr'><strong>vallum</strong></span> <span class='ocrx_word' id='word_1_139' title='bbox 292 1462 388 1523; x_wconf 91' lang='lat' dir='ltr'><strong>jussum,</strong></span> <span class='ocrx_word' id='word_1_140' title='bbox 409 1467 434 1507; x_wconf 93' lang='lat' dir='ltr'><strong>ut</strong></span> <span class='ocrx_word' id='word_1_141' title='bbox 450 1460 538 1512; x_wconf 84' lang='lat' dir='ltr'><strong>viseret,</strong></span> <span class='ocrx_word' id='word_1_142' title='bbox 559 1465 641 1520; x_wconf 84' lang='lat' dir='ltr'><strong>quanta</strong></span> <span class='ocrx_word' id='word_1_143' title='bbox 657 1468 747 1518; x_wconf 82' lang='lat' dir='ltr'><strong>essent3</strong></span> 
     </span>
     <span class='ocr_line' id='line_1_21' title="bbox 77 1524 748 1589; baseline -0.001 -18"><span class='ocrx_word' id='word_1_144' title='bbox 77 1524 159 1589; x_wconf 76' lang='lat' dir='ltr'><strong>pugni</strong></span> <span class='ocrx_word' id='word_1_145' title='bbox 169 1528 292 1580; x_wconf 85' lang='lat' dir='ltr'><strong>abstineret,</strong></span> <span class='ocrx_word' id='word_1_146' title='bbox 309 1527 460 1588; x_wconf 81' lang='lat' dir='ltr'><strong>reciperetque</strong></span> <span class='ocrx_word' id='word_1_147' title='bbox 474 1540 529 1575; x_wconf 86' lang='lat' dir='ltr'><strong>sese,</strong></span> <span class='ocrx_word' id='word_1_148' title='bbox 546 1524 674 1569; x_wconf 89' lang='lat' dir='ltr'><strong>sihostium</strong></span> <span class='ocrx_word' id='word_1_149' title='bbox 685 1527 748 1585; x_wconf 86' lang='lat' dir='ltr'><strong>cqui-</strong></span> 
     </span>
     <span class='ocr_line' id='line_1_22' title="bbox 77 1588 745 1650; baseline -0.001 -13"><span class='ocrx_word' id='word_1_150' title='bbox 77 1598 154 1637; x_wconf 84' lang='lat' dir='ltr'><strong>tatum</strong></span> <span class='ocrx_word' id='word_1_151' title='bbox 170 1599 287 1638; x_wconf 87' lang='lat' dir='ltr'><strong>exeuntem</strong></span> <span class='ocrx_word' id='word_1_152' title='bbox 303 1591 401 1637; x_wconf 84' lang='lat' dir='ltr'><strong>vidisset.</strong></span> <span class='ocrx_word' id='word_1_153' title='bbox 437 1588 480 1643; x_wconf 90' lang='lat' dir='ltr'><strong>Ita,</strong></span> <span class='ocrx_word' id='word_1_154' title='bbox 499 1596 524 1634; x_wconf 93' lang='lat' dir='ltr'><strong>ut</strong></span> <span class='ocrx_word' id='word_1_155' title='bbox 538 1597 674 1650; x_wconf 70' lang='lat' dir='ltr'><strong>preceptum</strong></span> <span class='ocrx_word' id='word_1_156' title='bbox 690 1596 745 1643; x_wconf 84' lang='lat' dir='ltr'><strong>erat,</strong></span> 
     </span>
     <span class='ocr_line' id='line_1_23' title="bbox 76 1654 748 1716; baseline -0.001 -14"><span class='ocrx_word' id='word_1_157' title='bbox 76 1655 140 1702; x_wconf 75' lang='lat' dir='ltr'><strong>fecit</strong></span> <span class='ocrx_word' id='word_1_158' title='bbox 176 1654 221 1702; x_wconf 90' lang='lat' dir='ltr'><strong>Per</strong></span> <span class='ocrx_word' id='word_1_159' title='bbox 235 1656 282 1702; x_wconf 88' lang='lat' dir='ltr'><strong>dies</strong></span> <span class='ocrx_word' id='word_1_160' title='bbox 296 1656 379 1716; x_wconf 83' lang='lat' dir='ltr'><strong>aliquot</strong></span> <span class='ocrx_word' id='word_1_161' title='bbox 392 1655 447 1700; x_wconf 88' lang='lat' dir='ltr'><strong>nihil</strong></span> <span class='ocrx_word' id='word_1_162' title='bbox 459 1655 518 1700; x_wconf 89' lang='lat' dir='ltr'><strong>ultra</strong></span> <span class='ocrx_word' id='word_1_163' title='bbox 530 1661 623 1706; x_wconf 88' lang='lat' dir='ltr'><strong>motum,</strong></span> <span class='ocrx_word' id='word_1_164' title='bbox 641 1669 707 1714; x_wconf 79' lang='lat' dir='ltr'><strong>quarn</strong></span> <span class='ocrx_word' id='word_1_165' title='bbox 722 1662 748 1701; x_wconf 86' lang='lat' dir='ltr'><strong>ut</strong></span> 
     </span>
     <span class='ocr_line' id='line_1_24' title="bbox 76 1719 745 1773; baseline -0.004 -6"><span class='ocrx_word' id='word_1_166' title='bbox 76 1723 115 1767; x_wconf 82' lang='lat' dir='ltr'><strong>bae</strong></span> <span class='ocrx_word' id='word_1_167' title='bbox 136 1720 186 1767; x_wconf 87' lang='lat' dir='ltr'><strong>duae</strong></span> <span class='ocrx_word' id='word_1_168' title='bbox 205 1728 285 1767; x_wconf 87' lang='lat' dir='ltr'><strong>turmae</strong></span> <span class='ocrx_word' id='word_1_169' title='bbox 302 1721 477 1773; x_wconf 86' lang='lat' dir='ltr'><strong>ostenderentur,</strong></span> <span class='ocrx_word' id='word_1_170' title='bbox 498 1719 549 1765; x_wconf 88' lang='lat' dir='ltr'><strong>dein</strong></span> <span class='ocrx_word' id='word_1_171' title='bbox 565 1719 745 1773; x_wconf 86' lang='lat' dir='ltr'><strong>subducerentur,</strong></span> 
     </span>
     <span class='ocr_line' id='line_1_25' title="bbox 76 1782 747 1845; baseline -0.003 -14"><span class='ocrx_word' id='word_1_172' title='bbox 76 1786 116 1831; x_wconf 83' lang='lat' dir='ltr'><strong>ubi</strong></span> <span class='ocrx_word' id='word_1_173' title='bbox 133 1786 243 1845; x_wconf 85' lang='lat' dir='ltr'><strong>equitatus</strong></span> <span class='ocrx_word' id='word_1_174' title='bbox 255 1785 352 1831; x_wconf 88' lang='lat' dir='ltr'><strong>hostium</strong></span> <span class='ocrx_word' id='word_1_175' title='bbox 368 1785 445 1831; x_wconf 85' lang='lat' dir='ltr'><strong>castris</strong></span> <span class='ocrx_word' id='word_1_176' title='bbox 455 1785 652 1845; x_wconf 85' lang='lat' dir='ltr'><strong>procucurrissent.</strong></span> <span class='ocrx_word' id='word_1_177' title='bbox 687 1782 747 1830; x_wconf 85' lang='lat' dir='ltr'><strong>Pos-</strong></span> 
     </span>
     <span class='ocr_line' id='line_1_26' title="bbox 77 1848 746 1911; baseline 0 -16"><span class='ocrx_word' id='word_1_178' title='bbox 77 1857 154 1895; x_wconf 84' lang='lat' dir='ltr'><strong>tremo</strong></span> <span class='ocrx_word' id='word_1_179' title='bbox 168 1848 279 1903; x_wconf 86' lang='lat' dir='ltr'><strong>Celtiberi,</strong></span> <span class='ocrx_word' id='word_1_180' title='bbox 297 1850 398 1896; x_wconf 87' lang='lat' dir='ltr'><strong>ommbus</strong></span> <span class='ocrx_word' id='word_1_181' title='bbox 413 1850 479 1895; x_wconf 89' lang='lat' dir='ltr'><strong>simul</strong></span> <span class='ocrx_word' id='word_1_182' title='bbox 489 1850 588 1911; x_wconf 87' lang='lat' dir='ltr'><strong>peditum</strong></span> <span class='ocrx_word' id='word_1_183' title='bbox 603 1850 746 1910; x_wconf 88' lang='lat' dir='ltr'><strong>equitmnque</strong></span> 
     </span>
     <span class='ocr_line' id='line_1_27' title="bbox 56 1908 745 1979; baseline -0.003 -19"><span class='ocrx_word' id='word_1_184' title='bbox 56 1968 64 1979; x_wconf 46' lang='lat'><strong>·</strong></span> <span class='ocrx_word' id='word_1_185' title='bbox 79 1914 153 1975; x_wconf 87' lang='lat' dir='ltr'><strong>copiis</strong></span> <span class='ocrx_word' id='word_1_186' title='bbox 163 1915 238 1960; x_wconf 85' lang='lat' dir='ltr'><strong>castris</strong></span> <span class='ocrx_word' id='word_1_187' title='bbox 248 1914 339 1975; x_wconf 83' lang='lat' dir='ltr'><strong>egressi,</strong></span> <span class='ocrx_word' id='word_1_188' title='bbox 355 1915 402 1961; x_wconf 87' lang='lat' dir='ltr'><strong>acie</strong></span> <span class='ocrx_word' id='word_1_189' title='bbox 416 1912 498 1960; x_wconf 76' lang='lat' dir='ltr'><strong>directi</strong></span> <span class='ocrx_word' id='word_1_190' title='bbox 510 1915 584 1959; x_wconf 87' lang='lat' dir='ltr'><strong>medio</strong></span> <span class='ocrx_word' id='word_1_191' title='bbox 593 1914 663 1961; x_wconf 80' lang='lat' dir='ltr'><strong>ferme</strong></span> <span class='ocrx_word' id='word_1_192' title='bbox 674 1908 745 1975; x_wconf 85' lang='lat' dir='ltr'><strong>sp&#39;atio</strong></span> 
     </span>
     <span class='ocr_line' id='line_1_28' title="bbox 76 1977 746 2039; baseline -0.001 -15"><span class='ocrx_word' id='word_1_193' title='bbox 76 1980 140 2024; x_wconf 87' lang='lat' dir='ltr'><strong>inter</strong></span> <span class='ocrx_word' id='word_1_194' title='bbox 154 1978 204 2025; x_wconf 87' lang='lat' dir='ltr'><strong>bina</strong></span> <span class='ocrx_word' id='word_1_195' title='bbox 218 1986 290 2025; x_wconf 82' lang='lat' dir='ltr'><strong>castra</strong></span> <span class='ocrx_word' id='word_1_196' title='bbox 304 1980 457 2025; x_wconf 83' lang='lat' dir='ltr'><strong>constiterunt.</strong></span> <span class='ocrx_word' id='word_1_197' title='bbox 493 1977 591 2039; x_wconf 83' lang='lat' dir='ltr'><strong>Campus</strong></span> <span class='ocrx_word' id='word_1_198' title='bbox 606 1986 653 2024; x_wconf 88' lang='lat' dir='ltr'><strong>erat</strong></span> <span class='ocrx_word' id='word_1_199' title='bbox 666 1978 746 2039; x_wconf 86' lang='lat' dir='ltr'><strong>planus</strong></span> 
     </span>
     <span class='ocr_line' id='line_1_29' title="bbox 74 2040 809 2105; baseline -0.004 -16"><span class='ocrx_word' id='word_1_200' title='bbox 74 2043 153 2089; x_wconf 86' lang='lat' dir='ltr'><strong>omnis</strong></span> <span class='ocrx_word' id='word_1_201' title='bbox 163 2051 185 2089; x_wconf 88' lang='lat' dir='ltr'><strong>et</strong></span> <span class='ocrx_word' id='word_1_202' title='bbox 199 2051 264 2104; x_wconf 87' lang='lat' dir='ltr'><strong>aptus</strong></span> <span class='ocrx_word' id='word_1_203' title='bbox 277 2058 373 2105; x_wconf 81' lang='lat' dir='ltr'><strong>pugnae:</strong></span> <span class='ocrx_word' id='word_1_204' title='bbox 395 2044 424 2089; x_wconf 89' lang='lat' dir='ltr'><strong>ibi</strong></span> <span class='ocrx_word' id='word_1_205' title='bbox 440 2040 521 2088; x_wconf 70' lang='lat' dir='ltr'><strong>stetere</strong></span> <span class='ocrx_word' id='word_1_206' title='bbox 535 2042 639 2103; x_wconf 83' lang='lat' dir='ltr'><strong>Hispani,</strong></span> <span class='ocrx_word' id='word_1_207' title='bbox 657 2043 745 2087; x_wconf 88' lang='lat' dir='ltr'><strong>bostem</strong></span> <span class='ocrx_word' id='word_1_208' title='bbox 805 2046 809 2051; x_wconf 86' lang='lat'>&#39;</span> 
     </span>
     <span class='ocr_line' id='line_1_30' title="bbox 74 2105 746 2170; baseline -0.006 -17"><span class='ocrx_word' id='word_1_209' title='bbox 74 2114 240 2170; x_wconf 81' lang='lat' dir='ltr'><strong>exspectantes.</strong></span> <span class='ocrx_word' id='word_1_210' title='bbox 276 2106 392 2153; x_wconf 88' lang='lat' dir='ltr'><strong>Romanus</strong></span> <span class='ocrx_word' id='word_1_211' title='bbox 406 2109 465 2153; x_wconf 89' lang='lat' dir='ltr'><strong>intra</strong></span> <span class='ocrx_word' id='word_1_212' title='bbox 478 2107 560 2153; x_wconf 88' lang='lat' dir='ltr'><strong>vallum</strong></span> <span class='ocrx_word' id='word_1_213' title='bbox 573 2121 625 2152; x_wconf 92' lang='lat' dir='ltr'><strong>suos</strong></span> <span class='ocrx_word' id='word_1_214' title='bbox 636 2105 746 2150; x_wconf 86' lang='lat' dir='ltr'><strong>continuit</strong></span> 
     </span>
     <span class='ocr_line' id='line_1_31' title="bbox 76 2168 745 2235; baseline -0.01 -16"><span class='ocrx_word' id='word_1_215' title='bbox 76 2188 119 2235; x_wconf 92' lang='lat' dir='ltr'><strong>per</strong></span> <span class='ocrx_word' id='word_1_216' title='bbox 133 2172 273 2233; x_wconf 85' lang='lat' dir='ltr'><strong>quatriduum</strong></span> <span class='ocrx_word' id='word_1_217' title='bbox 288 2172 431 2218; x_wconf 84' lang='lat' dir='ltr'><strong>continuum:</strong></span> <span class='ocrx_word' id='word_1_218' title='bbox 451 2178 473 2217; x_wconf 87' lang='lat' dir='ltr'><strong>et</strong></span> <span class='ocrx_word' id='word_1_219' title='bbox 483 2171 515 2216; x_wconf 87' lang='lat' dir='ltr'><strong>illi</strong></span> <span class='ocrx_word' id='word_1_220' title='bbox 525 2170 603 2215; x_wconf 86' lang='lat' dir='ltr'><strong>eodem</strong></span> <span class='ocrx_word' id='word_1_221' title='bbox 613 2170 665 2214; x_wconf 88' lang='lat' dir='ltr'><strong>loco</strong></span> <span class='ocrx_word' id='word_1_222' title='bbox 675 2168 745 2213; x_wconf 87' lang='lat' dir='ltr'><strong>aciem</strong></span> 
     </span>
     <span class='ocr_line' id='line_1_32' title="bbox 75 2234 742 2283; baseline -0.009 0"><span class='ocrx_word' id='word_1_223' title='bbox 75 2238 210 2283; x_wconf 87' lang='lat' dir='ltr'><strong>instructam</strong></span> <span class='ocrx_word' id='word_1_224' title='bbox 229 2243 355 2282; x_wconf 83' lang='lat' dir='ltr'><strong>tenuerunt.</strong></span> <span class='ocrx_word' id='word_1_225' title='bbox 391 2237 428 2283; x_wconf 90' lang='lat' dir='ltr'><strong>Ab</strong></span> <span class='ocrx_word' id='word_1_226' title='bbox 446 2235 557 2281; x_wconf 81' lang='lat' dir='ltr'><strong>Romanis</strong></span> <span class='ocrx_word' id='word_1_227' title='bbox 572 2234 627 2278; x_wconf 89' lang='lat' dir='ltr'><strong>nibil</strong></span> <span class='ocrx_word' id='word_1_228' title='bbox 642 2238 742 2277; x_wconf 86' lang='lat' dir='ltr'><strong>motum:</strong></span> 
     </span>
     <span class='ocr_line' id='line_1_33' title="bbox 74 2295 746 2362; baseline -0.009 -15"><span class='ocrx_word' id='word_1_229' title='bbox 74 2302 130 2348; x_wconf 86' lang='lat' dir='ltr'><strong>inde</strong></span> <span class='ocrx_word' id='word_1_230' title='bbox 145 2298 250 2362; x_wconf 68' lang='lat' dir='ltr'><strong>quievere</strong></span> <span class='ocrx_word' id='word_1_231' title='bbox 260 2302 287 2346; x_wconf 84' lang='lat' dir='ltr'><strong>in</strong></span> <span class='ocrx_word' id='word_1_232' title='bbox 301 2300 378 2347; x_wconf 86' lang='lat' dir='ltr'><strong>castris</strong></span> <span class='ocrx_word' id='word_1_233' title='bbox 392 2299 505 2351; x_wconf 75' lang='lat' dir='ltr'><strong>Celtiberi,</strong></span> <span class='ocrx_word' id='word_1_234' title='bbox 521 2299 572 2358; x_wconf 88' lang='lat' dir='ltr'><strong>quia</strong></span> <span class='ocrx_word' id='word_1_235' title='bbox 585 2310 669 2357; x_wconf 80' lang='lat' dir='ltr'><strong>pugnae</strong></span> <span class='ocrx_word' id='word_1_236' title='bbox 684 2295 746 2356; x_wconf 87' lang='lat' dir='ltr'><strong>copia</strong></span> 
     </span>
     <span class='ocr_line' id='line_1_34' title="bbox 76 2358 744 2426; baseline -0.013 -14"><span class='ocrx_word' id='word_1_237' title='bbox 76 2382 126 2412; x_wconf 86' lang='lat' dir='ltr'><strong>non</strong></span> <span class='ocrx_word' id='word_1_238' title='bbox 136 2364 215 2413; x_wconf 80' lang='lat' dir='ltr'><strong>fiebat:</strong></span> <span class='ocrx_word' id='word_1_239' title='bbox 234 2366 320 2426; x_wconf 89' lang='lat' dir='ltr'><strong>equites</strong></span> <span class='ocrx_word' id='word_1_240' title='bbox 333 2372 420 2411; x_wconf 85' lang='lat' dir='ltr'><strong>tantum</strong></span> <span class='ocrx_word' id='word_1_241' title='bbox 435 2366 458 2409; x_wconf 90' lang='lat' dir='ltr'><strong>in</strong></span> <span class='ocrx_word' id='word_1_242' title='bbox 474 2363 590 2414; x_wconf 82' lang='lat' dir='ltr'><strong>stationem</strong></span> <span class='ocrx_word' id='word_1_243' title='bbox 602 2358 744 2421; x_wconf 82' lang='lat' dir='ltr'><strong>egredieban-</strong></span> 
     </span>
     <span class='ocr_line' id='line_1_35' title="bbox 77 2427 741 2491; baseline -0.012 -15"><span class='ocrx_word' id='word_1_244' title='bbox 77 2436 123 2485; x_wconf 84' lang='lat' dir='ltr'><strong>tur,</strong></span> <span class='ocrx_word' id='word_1_245' title='bbox 144 2438 170 2487; x_wconf 81' lang='lat' dir='ltr'><strong>ut</strong></span> <span class='ocrx_word' id='word_1_246' title='bbox 187 2430 257 2491; x_wconf 84' lang='lat' dir='ltr'><strong>parati</strong></span> <span class='ocrx_word' id='word_1_247' title='bbox 276 2437 357 2483; x_wconf 88' lang='lat' dir='ltr'><strong>essent,</strong></span> <span class='ocrx_word' id='word_1_248' title='bbox 379 2429 396 2473; x_wconf 89' lang='lat' dir='ltr'><strong>si</strong></span> <span class='ocrx_word' id='word_1_249' title='bbox 415 2429 468 2488; x_wconf 91' lang='lat' dir='ltr'><strong>quid</strong></span> <span class='ocrx_word' id='word_1_250' title='bbox 486 2427 513 2473; x_wconf 91' lang='lat' dir='ltr'><strong>ab</strong></span> <span class='ocrx_word' id='word_1_251' title='bbox 528 2428 592 2471; x_wconf 86' lang='lat' dir='ltr'><strong>hoste</strong></span> <span class='ocrx_word' id='word_1_252' title='bbox 607 2429 741 2470; x_wconf 83' lang='lat' dir='ltr'><strong>moveretur.</strong></span> 
     </span>
     <span class='ocr_line' id='line_1_36' title="bbox 78 2488 742 2554; baseline -0.012 -13"><span class='ocrx_word' id='word_1_253' title='bbox 78 2494 144 2541; x_wconf 88' lang='lat' dir='ltr'><strong>Pone</strong></span> <span class='ocrx_word' id='word_1_254' title='bbox 163 2502 236 2541; x_wconf 86' lang='lat' dir='ltr'><strong>castra</strong></span> <span class='ocrx_word' id='word_1_255' title='bbox 253 2495 341 2554; x_wconf 85' lang='lat' dir='ltr'><strong>utrique</strong></span> <span class='ocrx_word' id='word_1_256' title='bbox 358 2493 486 2554; x_wconf 84' lang='lat' dir='ltr'><strong>pabulatum</strong></span> <span class='ocrx_word' id='word_1_257' title='bbox 504 2498 528 2536; x_wconf 87' lang='lat' dir='ltr'><strong>et</strong></span> <span class='ocrx_word' id='word_1_258' title='bbox 544 2491 654 2551; x_wconf 82' lang='lat' dir='ltr'><strong>lignatum</strong></span> <span class='ocrx_word' id='word_1_259' title='bbox 674 2488 742 2541; x_wconf 59' lang='lat' dir='ltr'><strong>mant</strong></span> 
     </span>
    </p>

    <p class='ocr_par' dir='ltr' id='par_1_5' title="bbox 71 2558 814 2793">
     <span class='ocr_line' id='line_1_37' title="bbox 77 2558 404 2620; baseline -0.015 -14"><span class='ocrx_word' id='word_1_260' title='bbox 77 2560 151 2606; x_wconf 88' lang='lat' dir='ltr'><strong>neutri</strong></span> <span class='ocrx_word' id='word_1_261' title='bbox 163 2558 245 2605; x_wconf 88' lang='lat' dir='ltr'><strong>alteros</strong></span> <span class='ocrx_word' id='word_1_262' title='bbox 254 2558 404 2620; x_wconf 86' lang='lat' dir='ltr'><strong>impedientes.</strong></span> 
     </span>
     <span class='ocr_line' id='line_1_38' title="bbox 110 2616 751 2670; baseline -0.009 0"><span class='ocrx_word' id='word_1_263' title='bbox 110 2616 211 2669; x_wconf 74' lang='lat' dir='ltr'>XXXI.</span> <span class='ocrx_word' id='word_1_264' title='bbox 234 2622 322 2669; x_wconf 88' lang='lat' dir='ltr'><strong>Praetor</strong></span> <span class='ocrx_word' id='word_1_265' title='bbox 338 2622 463 2670; x_wconf 84' lang='lat' dir='ltr'><strong>Romanus,</strong></span> <span class='ocrx_word' id='word_1_266' title='bbox 482 2617 520 2663; x_wconf 91' lang='lat' dir='ltr'><strong>ubi</strong></span> <span class='ocrx_word' id='word_1_267' title='bbox 539 2618 591 2663; x_wconf 84' lang='lat' dir='ltr'><strong>satis</strong></span> <span class='ocrx_word' id='word_1_268' title='bbox 607 2624 642 2664; x_wconf 90' lang='lat' dir='ltr'><strong>tot</strong></span> <span class='ocrx_word' id='word_1_269' title='bbox 658 2617 751 2664; x_wconf 79' lang='lat' dir='ltr'><strong>dierum.</strong></span> 
     </span>
     <span class='ocr_line' id='line_1_39' title="bbox 71 2682 814 2749; baseline -0.015 -14"><span class='ocrx_word' id='word_1_270' title='bbox 71 2689 152 2749; x_wconf 83' lang='lat' dir='ltr'><strong>quiete</strong></span> <span class='ocrx_word' id='word_1_271' title='bbox 171 2686 340 2748; x_wconf 84' lang='lat' dir='ltr'><strong>credidit·spcrn</strong></span> <span class='ocrx_word' id='word_1_272' title='bbox 355 2685 436 2731; x_wconf 80' lang='lat' dir='ltr'><strong>factam</strong></span> <span class='ocrx_word' id='word_1_273' title='bbox 452 2683 518 2735; x_wconf 77' lang='lat' dir='ltr'><strong>boati,</strong></span> <span class='ocrx_word' id='word_1_274' title='bbox 538 2683 593 2731; x_wconf 85' lang='lat' dir='ltr'><strong>nibil</strong></span> <span class='ocrx_word' id='word_1_275' title='bbox 608 2698 633 2729; x_wconf 84' lang='lat' dir='ltr'><strong>se</strong></span> <span class='ocrx_word' id='word_1_276' title='bbox 648 2682 745 2743; x_wconf 85' lang='lat' dir='ltr'><strong>priorem</strong></span> <span class='ocrx_word' id='word_1_277' title='bbox 810 2702 814 2708; x_wconf 77' lang='lat'>=</span> 
     </span>
     <span class='ocr_line' id='line_1_40' title="bbox 475 2751 515 2793; baseline -0.05 0"><span class='ocrx_word' id='word_1_278' title='bbox 475 2751 515 2793; x_wconf 83' lang='lat'><strong>18</strong></span> 
     </span>
    </p>
   </div>
   <div class='ocr_carea' id='block_1_3' title="bbox 0 0 900 2950">
    <p class='ocr_par' dir='ltr' id='par_1_6' title="bbox 0 0 900 2950">
     <span class='ocr_line' id='line_1_41' title="bbox 0 0 900 2950; baseline 0 2"><span class='ocrx_word' id='word_1_279' title='bbox 0 0 900 2950; x_wconf 95' lang='lat' dir='ltr'><strong> </strong></span> 
     </span>
    </p>
   </div>
  </div>
 </body>
</html>
