1792 2950
181 186 212 234 Τ.
226 186 315 235 mvn
330 187 385 237 Lm.
398 190 495 239 XLIII.
516 188 576 239 Car.
590 197 613 239 6.
688 196 743 240 231·

67 316 520 379 snecsmaisreipnblioeoausiabsit.
557 317 738 368 UbiexMoce-
837 326 841 339 ¹

67 379 133 428 douii
140 382 236 427 redisset
246 379 275 428 C.
288 379 387 436 Cassius,
396 390 453 436 tum,
466 384 484 429 si
495 400 569 431 coram
580 400 632 432 eum
643 400 738 446 arguere

67 446 157 500 vellent,
174 444 268 507 cogniti
277 461 302 492 re
312 453 414 493 senatum
425 447 528 495 daturum
540 464 637 511 operam,
654 449 687 495 uti
703 465 738 497 sa-

67 508 163 556 tisfist'’
196 508 249 556 Nec
259 510 387 572 responderi
396 518 485 557 tantum
495 513 523 559 iis
533 515 644 575 gentibus,
656 514 696 561 sed
706 515 739 561 le·
782 560 784 565 ,

66 581 132 636 gatos
147 574 215 627 mitti,
232 574 289 621 duos
303 575 331 621 ad
342 576 444 637 regillum
455 584 517 624 trans
529 578 606 639 Alpes,
624 586 669 627 tres
680 579 740 626 circa

67 653 106 686 sos
115 638 212 700 populos
222 639 311 703 placuit,
329 640 368 699 qui
378 640 508 696 indicarent,
520 658 572 702 quae
583 642 676 689 Patrum
688 658 740 690 sen-

68 705 138 751 tentia
151 710 218 749 esset.
254 703 354 750 Munera
367 704 426 751 mitti
439 706 519 767 legatis
534 720 563 752 ex
575 708 633 754 binis
643 707 740 756 millibus

67 768 119 814 aenis
135 775 284 814 censuerunt:
304 768 390 815 duobus
402 768 507 817 frntzibus
521 772 604 833 regulis
618 772 667 819 haec
681 788 742 833 prae·

67 832 139 894 tipus,
157 839 249 893 torques
266 832 311 879 duo
327 847 358 880 ex
374 835 472 895 quinque
488 836 562 897 pondo
577 836 624 883 auri
637 836 698 890 faed,
716 844 740 884 et

67 912 121 944 msa
135 905 244 959 argentea
256 898 355 959 quinque
364 913 394 945 ex
403 900 484 962 viginti
494 901 576 962 pondo,
594 908 617 947 et
629 901 674 947 duo
687 902 739 961 equi

67 963 175 1024 phlmti
191 977 243 1008 cum
260 964 401 1024 agasonibus,
418 972 442 1010 et
459 966 569 1025 equestria
585 980 646 1013 arma
661 980 687 1013 uc
703 980 739 1013 ss-

68 1027 136 1089 guls3
149 1034 172 1073 et
182 1027 300 1073 comitibus
308 1044 385 1074 eorum
394 1030 528 1077 vestimenta
535 1030 608 1076 liberis
616 1030 737 1091 servisque.

69 1090 130 1139 Haeo
144 1092 227 1139 missa:
246 1091 284 1139 illa
298 1094 424 1155 petentibus
440 1094 499 1147 data,
516 1100 542 1140 ut
552 1094 659 1141 denorum
671 1109 740 1156 equo-

68 1170 118 1204 rum
128 1157 158 1203 iis
168 1158 327 1204 commercium
335 1165 401 1212 esset,
419 1158 572 1219 educendique
582 1174 610 1205 ex
621 1157 687 1205 ltaliti
697 1175 740 1220 po·

68 1228 137 1269 testas
151 1221 223 1269 tinet.
257 1221 341 1285 Legati
355 1238 407 1269 cum
423 1223 496 1271 Gallis
510 1223 572 1269 missi
587 1230 648 1269 trans
659 1223 737 1285 Alpes,

70 1283 99 1334 C·
116 1285 211 1341 Iaaelius,
229 1286 266 1333 M.
283 1287 391 1335 AEmilius
407 1286 521 1350 lepidus3
540 1288 568 1334 ad
586 1296 680 1335 caeteros
698 1303 740 1349 po·

67 1350 133 1413 pilot
155 1349 185 1401 C·
203 1352 305 1408 Sicinius,
326 1351 355 1399 P.
373 1350 492 1401 Cornelius
511 1352 596 1406 Blasio,
616 1350 646 1399 Τ.
662 1351 740 1399 Mem-

68 1430 135 1469 mius.
369 1447 375 1462 1

100 1480 147 1532 vl.
157 1481 293 1532 Multarum
309 1483 376 1530 simul
386 1483 485 1530 Graeciae
495 1481 603 1543 Asiaeque
616 1480 739 1528 civitatium

68 1546 137 1609 legsn
148 1545 248 1595 Romam
259 1555 418 1596 convenenmt.
454 1546 525 1594 Primi
537 1547 687 1594 Athenienses
702 1546 738 1592 in·

68 1612 182 1660 troducti:
200 1613 223 1667 ii,
243 1620 299 1667 “se,
316 1614 376 1674 quod
391 1613 482 1660 navium
499 1612 616 1660 habuerint
632 1611 767 1658 militum-v

69 1691 120 1737 qne
139 1676 168 1724 P.
181 1676 271 1725 Licinio
288 1679 374 1724 consuli
390 1685 414 1724 et
429 1675 458 1725 C.
470 1675 578 1724 Lucretio
591 1677 682 1738 praetori
697 1675 740 1721 mi·

69 1740 151 1795 isse?
168 1749 335 1804 exponierunt3
352 1750 369 1772 ‘⁶
376 1744 456 1804 quibus
466 1757 506 1789 eos
517 1757 563 1790 non
571 1757 624 1788 usos
633 1739 746 1787 frumenti,

14 1848 18 1854 .
69 1806 110 1860 sibi
120 1813 213 1853 centum
227 1807 297 1853 millis
311 1805 442 1869 impetisse:
461 1807 527 1868 quod,
546 1821 678 1868 quamquam
695 1813 741 1852 ste-

68 1871 132 1918 rilem
143 1877 226 1918 terrum
236 1878 306 1924 arent,
320 1872 424 1934 ipsosque
433 1873 500 1918 etiam
511 1879 612 1934 agrestes
622 1870 741 1933 peregrino

68 1933 183 1982 frumento
197 1936 289 1989 ulmeus,
303 1941 389 1990 tomen,
406 1951 436 1982 ne
450 1936 553 1984 deessent
564 1937 646 1990 officio,
664 1934 747 1982 conse·

69 1999 187 2057 cisse31et
205 2001 255 2053 alia,
266 2014 324 2060 quae
341 2002 509 2063 imperarentur,
526 2009 634 2064 praestare
651 2006 741 2061 paratos

69 2063 146 2110 esse”
159 2094 163 2101 ι
180 2063 274 2118 Milesii,
286 2065 477 2128 nihilpraestitisse
487 2073 645 2116 memorantes,
658 2064 676 2109 si
687 2062 741 2122 quid
762 2107 766 2116 ,

68 2129 303 2189 hnpuaresdbellum
314 2137 404 2177 senatus
413 2131 488 2183 vellet,
500 2136 607 2192 praestare
618 2143 643 2173 se
652 2133 742 2188 paratos

68 2205 125 2245 use,
146 2193 241 2254 polliciti
259 2201 319 2240 nint.
358 2195 525 2241 Alabandenses
543 2192 652 2253 ternplum
671 2189 743 2235 Urbis

67 2255 155 2304 Rome
168 2272 194 2304 se
206 2255 288 2305 iecisse
299 2264 537 2311 commutaverunt,
554 2256 663 2315 ludosque
678 2252 752 2300 anni-·
779 2307 781 2314 ,

67 2321 180 2368 marios
198 2321 219 2367 ci
238 2320 310 2368 Divae
329 2321 463 2367 instituisse:
483 2327 507 2366 et
526 2334 632 2366 coronam
652 2331 741 2365 auream

67 2386 232 2448 unopugiuta
240 2386 324 2447 pondo,
341 2399 407 2444 qurum
417 2385 440 2430 in
450 2381 562 2445 Capitolio
573 2390 688 2445 ponerent,
701 2377 742 2430 do·

67 2465 124 2498 num
134 2450 191 2500 Jovi
202 2443 296 2512 Optimo
305 2449 421 2501 Maximo,
434 2449 542 2503 attulisse,
555 2456 578 2495 et
589 2453 653 2494 scuta
663 2461 743 2508 eques·

67 2515 112 2563 trin
121 2519 239 2571 nonenim
255 2529 288 2567 ea,
300 2514 337 2560 cui
343 2514 470 2576 jussissent,
482 2513 609 2560 tradituros.
645 2511 741 2560 Donum

67 2585 96 2629 ni
104 2580 130 2626 in
138 2577 253 2642 Copitobo
262 2592 353 2641 ponera,
365 2585 388 2625 et
398 2576 521 2624 sacrificare
530 2577 615 2631 liceret,
626 2578 738 2639 petebant.

67 2643 126 2693 Hoc
146 2643 303 2705 Inmpsoceni,
326 2643 441 2706 octoginta
461 2642 537 2706 pondo
559 2657 665 2689 coronam
687 2640 743 2689 offo

67 2715 155 2763 Μ,
164 2709 278 2771 petebant,
293 2713 500 2764 commensurantes,
519 2714 535 2740 ‘⁶
544 2706 684 2756 Discessisse
694 2721 719 2754 se
728 2720 743 2752 a
