1792 2950
168 157 365 268 ninvu'na
379 180 459 243 ην.
479 192 538 243 cn.
554 178 598 243 m
663 165 706 241 sn
727 170 728 173 ’

40 309 708 433 llum
723 371 727 377 ,

41 456 70 494 et
81 445 182 509 equitum
193 450 395 510 quadringentenis.
422 403 547 497 Pappum
559 404 629 497 cortils
639 417 707 503 lutire:

45 512 82 565 Q·
93 510 168 559 cassu
178 514 267 565 urbana,
285 513 357 559 Manii
367 513 467 560 Juventii
480 514 574 559 Tbalnae
590 515 648 559 inter
659 528 710 574 per-

44 576 150 637 egrinos,
161 576 198 621 Ti.
210 574 297 623 Claudii
308 576 406 623 Neronis
417 578 497 631 Sicilia,
511 577 555 626 Cu.
569 576 642 623 Fulvii
654 576 711 622 His-

46 641 116 700 pania
123 640 219 693 citerior,
233 639 261 687 C·
272 640 353 686 Licinii
362 640 446 688 Nervae
454 642 550 687 ulterior.
580 642 610 687 A.
622 640 709 686 blaulio
742 662 747 672 x

45 703 166 763 Torquato
181 704 281 751 Sardinia
295 706 427 751 obvenerat:
446 706 530 766 nequiit
543 706 576 751 ire
585 705 609 750 in
619 705 709 765 provin-

46 769 114 821 ciam,
133 769 162 814 ad
172 784 207 815 ras
218 769 321 829 capitales
331 770 459 829 quaerendas
469 784 498 816 ex
509 769 710 816 senatus-consulto

48 840 160 896 retentus.
194 832 234 879 De
247 834 353 895 prodigiis
366 833 444 880 deinde
455 834 559 880 nuntiatis
574 840 662 879 senatus
677 839 711 879 est

47 897 176 943 consutus.
210 896 281 943 AEdes
299 896 402 944 Deorum
421 898 539 945 Penatium
558 898 581 943 in
593 895 665 943 -Velii
684 895 720 943 tle·

46 958 110 1006 coelo
121 967 181 1006 tacta
190 967 251 1017 erat3
264 962 320 1007 etin
332 963 411 1023 oppido
421 962 536 1009 Minervio
546 962 596 1007 duae
606 968 677 1022 portae
688 966 712 1006 et

47 1026 109 1071 muri
117 1025 260 1085 aliquantum.
280 1024 392 1087 Anagniae
402 1024 461 1071 terri
470 1026 569 1086 pluerat}
581 1032 604 1071 et
615 1024 711 1071 Lanuvii

47 1088 88 1135 tax
98 1089 124 1133 in
135 1090 193 1135 ooelo
203 1089 251 1135 visa
260 1096 307 1136 erat
313 1107 321 1147 ς
338 1097 361 1135 et
372 1088 465 1137 Calatiae
475 1090 498 1133 in
506 1089 595 1149 ¹publico
606 1104 660 1149 agro
671 1087 708 1133 M.

49 1153 158 1199 Valerius
173 1153 228 1199 civis
244 1152 361 1199 Romanus
377 1153 491 1199 nuntiabat
508 1168 522 1198 e
537 1151 587 1197 foco
604 1166 645 1197 suo
660 1166 713 1197 sau-

48 1218 145 1279 guinem
155 1232 194 1277 per
204 1216 301 1263 triduum
312 1225 335 1263 et
345 1218 486 1277 duas-noctes
500 1212 608 1262 munisse.
643 1214 679 1260 Ob
688 1214 712 1258 id

48 1282 151 1328 maxime
164 1281 280 1327 decemviri
297 1282 364 1328 libros
376 1282 440 1343 *adire
450 1281 514 1343 jussi,
532 1276 712 1339 supplicationem

47 1347 73 1391 in
89 1345 150 1391 utem
161 1360 230 1392 unum
241 1346 322 1407 populo
332 1346 455 1407 edixerum,
470 1351 496 1391 ‘et
506 1342 664 1415 quinquaginta
674 1354 711 1385 ca-

48 1411 98 1473 pris
107 1411 132 1454 in
146 1408 195 1455 foro
210 1409 398 1457 sacrificaverunt:
417 1416 441 1456 et
455 1409 547 1455 aliorum
562 1406 712 1468 prodigiorum

48 1471 120 1522 causi
127 1466 188 1522 'diem
198 1474 291 1522 alterum
303 1473 431 1536 supplicatio
441 1474 499 1520 circa
510 1471 584 1519 omnia
590 1468 712 1532 pulvinaria
796 1489 798 1498 ι

48 1540 102 1592 suit,
119 1546 143 1585 et
160 1539 238 1585 hostiis
256 1540 373 1601 majoribus
391 1537 536 1585 sacrificatum
555 1543 595 1590 est,
613 1534 641 1580 'et
652 1532 714 1579 Urbs

48 1606 152 1650 lustrata.
172 1603 235 1657 Inde,
246 1603 307 1664 quod
316 1603 344 1649 ad
354 1605 461 1649 bonorem
470 1601 547 1648 Detlm
555 1597 711 1646 immortalium

50 1667 181 1730 pertineret,
191 1668 287 1713 decrerit
296 1674 391 1719 senatus,
405 1674 421 1695 “
431 1665 472 1719 Ut,
482 1665 584 1724 quoniam
592 1661 732 1726 perduelles·

51 1731 158 1792 asperati,
175 1729 271 1776 Perseus
287 1738 309 1776 et
325 1731 422 1776 Gentius
437 1744 502 1790 reges
516 1744 566 1774 cum
581 1713 715 1776 Macetlouii

52 1803 122 1854 atque
133 1793 223 1854 Illyrico
237 1794 261 1838 in
271 1800 380 1854 potestate
389 1794 465 1854 populi
475 1792 572 1838 Romani
582 1797 663 1843 essent,
681 1795 713 1842 ut,

53 1854 210 1920 quantadoua,
222 1856 267 1918 Ap.
279 1855 380 1909 clauuo,
392 1857 428 1917 Μ.
441 1857 572 1917 Sempronio
580 1854 712 1906 consulibus,

53 1925 85 1970 ob
94 1922 206 1968 devictum
221 1914 359 1967 Antiochum
369 1935 446 1981 rqem
457 1920 507 1970 data
517 1919 545 1965 ad
555 1919 629 1966 omnia
642 1917 715 1980 pulvi-

55 1988 118 2034 naria
131 1993 213 2039 meent,
228 1992 292 2030 tauta
306 1984 338 2038 Q.
352 1982 444 2032 Cassius
458 1991 481 2028 et
495 1982 587 2030 Masius
597 1981 716 2031 luventius

55 2058 165 2114 praetores
175 2045 277 2095 curarent
287 2045 384 2094 nsaw
559 2073 560 2079 κ
746 2094 749 2100 ,

91 2112 177 2171 XVII.
196 2111 296 2174 Legatos
305 2111 391 2166 deinde,
407 2125 502 2171 quorum
513 2110 540 2156 de
553 2107 660 2155 sententii
673 2107 716 2170 ἰτη-Δ

57 2186 171 2243 potatores
189 2176 218 2222 L.
236 2177 326 2229 Paulus,
344 2174 372 2220 L
391 2175 484 2221 Anicius
500 2177 657 2234 componerent
673 2183 715 2221 res,

58 2245 203 2290 decreverunt
216 2241 293 2288 decem
306 2241 330 2284 in
341 2238 504 2291 Macedoniam,
522 2237 617 2296 quinque
627 2235 650 2280 iu
662 2232 717 2292 Illy-

60 2309 137 2354 ricum.
172 2304 200 2351 Iu
215 2303 371 2351 Macedoniam
382 2308 434 2348 sunt
446 2303 470 2348 hi
485 2299 598 2360 nominati,
616 2297 646 2344 A.
660 2294 718 2341 Pos-

61 2372 143 2419 tumius
154 2369 249 2421 Luscus,
267 2367 296 2416 C.
310 2365 423 2419 Claudius,
440 2367 505 2412 ambo
516 2363 616 2414 censorii,
635 2359 662 2407 C.
678 2357 718 2404 Li·

60 2436 132 2482 cinius
143 2433 245 2486 Crassus,
256 2433 343 2494 collega
352 2431 375 2476 in
386 2429 502 2476 consulatu
513 2427 591 2483 Pauli3
608 2432 656 2470 turn
666 2438 718 2484 pro-

62 2507 141 2561 rogato
159 2498 251 2558 imperio
285 2489 404 2543 rovinciam
424 2493 520 2541 Galliam
541 2490 637 2538 babebat.
673 2485 719 2534 llis

63 2563 212 2612 consularibus
226 2513 329 2609 muliere
343 2559 387 2608 cu
400 2551 527 2605 Domitium
541 2553 718 2606 Ahenobarbum,

64 2629 114 2676 Sos·
133 2622 263 2675 Cornelium
278 2626 369 2678 Sullam,
387 2622 416 2670 1.
433 2622 533 2676 Junium,
551 2617 580 2667 C.
598 2617 720 2666 Antistium

67 2689 248 2745 hiememT.
270 2689 397 2737 Numisium
415 2686 605 2749 Tarquiniensem,
624 2683 653 2736 Α.
674 2679 721 2729 Te·
