1792 2950
173 157 202 204 r.
216 155 303 204 srvn
320 157 373 206 ns
386 157 456 206 xor.
475 158 589 224 crena
667 163 713 207 sas

10 343 12 348 Α
47 291 124 332 torm
134 287 255 334 metcitum
266 287 290 332 ia
300 287 390 336 hiberna
400 289 509 336 sommum
519 288 606 334 rubium
617 285 713 334 reduxit.

10 357 12 361 '
53 349 88 396 Et
104 349 131 399 C.
144 350 259 404 Claudius,
276 351 345 398 literis
360 351 397 397 Ti.
412 351 499 400 Claudii
517 359 540 399 et
559 351 716 398 senatis-con·

53 415 111 462 salto
127 423 226 477 accepto,
243 429 273 462 ex
292 414 358 462 Istriri
374 417 474 478 legiones
490 417 513 462 in
530 416 628 478 Ligures
642 422 716 462 traus-

50 479 121 526 duxit.
156 481 196 528 ad
211 479 354 526 Scultennam
370 479 454 527 flumen
469 482 493 526 in
503 496 592 542 campos
602 480 715 542 progressi

48 551 122 590 castra
132 545 241 590 habebunt
251 545 334 590 hostes.
362 543 397 590 Ibi
407 560 458 590 cum
469 547 504 592 bis
513 545 560 592 acie
570 545 712 591 dimicatum:

14 661 15 664 Ἴ
46 609 176 668 quindecim
184 608 252 654 millia
259 620 331 665 οπως
342 608 393 669 plus
404 610 538 671 septingenti
545 617 584 656 aut
593 611 617 654 in
626 609 715 670 proelio,

10 683 15 730 ζ
45 681 84 721 aut
96 674 122 718 in
133 673 212 720 castris
223 673 285 734 (nem
296 687 323 718 ea
333 687 421 732 quoque
431 681 559 736 expugnata
569 671 631 732 suut)
640 674 712 734 capti:

12 745 15 750 ’
44 737 341 799 etsignsmilitariaunum
356 744 380 782 et
393 739 554 800 quinquaginta
567 745 637 799 capta·
672 736 715 782 Li-

10 799 13 860 ]
44 817 125 862 gurea,
144 801 242 860 reliquiae
252 801 326 854 caedis,
343 801 367 847 in
377 809 466 848 montes
476 803 606 864 refugenmt
616 803 712 863 passim:

10 877 13 882 ·
43 865 209 927 populantique
223 872 356 926 campestres
370 881 437 926 agros
452 867 537 913 consuli
552 867 613 913 nulla
622 881 716 926 usquam

10 935 14 990 ᾗ
43 938 201 992 apparuerunt
215 944 282 976 arma.
318 926 431 983 Claudius,
449 931 542 978 duarum
556 931 657 993 gentium
668 944 715 976 uno

43 1009 109 1042 auno
130 993 208 1046 victor,
225 994 314 1047 duabus,
332 994 392 1053 quod
410 1009 460 1041 raro
478 997 541 1050 alius,
558 997 581 1041 iu
598 994 715 1041 consulatu

42 1057 511 1184 mcffipmpffiaffipnaporppneqqqz
529 1125 553 1169 in
568 1122 715 1171 Crustumino

10 1203 14 1248 J
43 1203 111 1238 avem
121 1187 252 1248 sasgualem
260 1187 336 1248 (quarn
345 1185 437 1246 vocant)
445 1203 533 1234 sacrum
541 1188 634 1249 lapidem
643 1195 716 1232 rostro

43 1252 167 1300 cecidisse:
186 1252 268 1296 bovem
284 1251 306 1295 in
319 1249 441 1312 Carnpanii
451 1253 562 1298 locutam:
581 1267 671 1297 vaccam
682 1267 714 1297 ae-

10 1335 11 1342 ¹
43 1332 111 1365 neam
132 1315 249 1375 Syracusis
268 1314 294 1360 ab
311 1315 393 1376 agresti
412 1323 484 1369 tauro,
501 1318 538 1376 qui
556 1330 637 1376 pecore
652 1315 715 1360 ober-

43 1380 126 1434 risset,
138 1380 224 1433 initam,
236 1394 262 1425 ac
274 1379 498 1440 semineadspersam.
528 1378 557 1425 In
569 1377 716 1426 Crustumino

10 1439 14 1464 ³
43 1446 104 1493 diem
120 1458 192 1491 uuum
203 1443 227 1489 in
237 1443 286 1505 ipso
296 1443 346 1490 loco
357 1444 487 1505 supplicatio
497 1443 552 1490 fuit:
570 1449 594 1489 et
607 1442 631 1487 in
646 1439 716 1489 cam-

10 1526 11 1530 *
43 1508 113 1573 panii
124 1510 165 1555 bos
176 1509 254 1563 alenda
264 1508 350 1569 publice
360 1508 423 1555 data:
444 1509 715 1569 Syracusanumquepro-

10 1578 11 1595 l
43 1574 134 1636 digium
148 1574 269 1635 expiatum,
286 1572 350 1619 editis
366 1574 394 1619 ab
408 1573 544 1633 aruspicibus
558 1572 618 1625 Diis,
636 1570 716 1631 quibua

43 1638 215 1699 supplicaretur.
250 1636 357 1683 Pontifex
375 1652 403 1683 eo
421 1652 480 1683 anuo
499 1645 602 1683 mortuus
622 1643 657 1682 eat
674 1634 712 1681 M.

44 1702 160 1753 Claudius
169 1701 298 1755 Marcellus,
315 1702 354 1761 qui
364 1702 443 1748 consul
453 1716 575 1763 censorque
584 1701 671 1747 fuerat:
689 1699 714 1746 in

10 1758 12 1785 ³
43 1768 93 1829 ejus
104 1768 182 1813 locum
196 1764 302 1813 suffectus
316 1773 351 1813 est
360 1766 461 1827 pontifex
470 1766 528 1814 lilius
539 1769 587 1830 ejus
601 1765 637 1812 Μ.
648 1764 715 1811 Mar-

43 1832 127 1879 cellus·
152 1829 195 1879 .Et
209 1829 298 1877 Lunam
315 1830 401 1877 colonia
416 1831 494 1877 eoslem
510 1847 570 1879 anno
585 1832 630 1878 (luo
646 1830 716 1877 millia

43 1896 133 1943 civium
143 1893 298 1941 Romanorum
309 1901 361 1941 sunt
371 1894 477 1942 deducta:
496 1897 606 1944 triumviri
616 1896 714 1942 deduxe-

45 1966 110 2012 nrnt‚
130 1956 158 2004 P.
177 1958 257 2013 AElius,
275 1958 305 2005 L·
322 1958 418 2021 Egilius,
437 1958 481 2008 Cn.
502 1961 604 2007 Sicinius.
640 1957 732 2013 Quin-⁴

44 2037 153 2086 quagena
160 2029 184 2069 et
191 2023 278 2085 singula
280 2024 363 2085 jugera
373 2031 395 2070 et
406 2025 509 2071 semisses
518 2025 567 2087 agri
578 2025 602 2069 in
613 2023 715 2085 singulos

44 2089 91 2135 dati
102 2094 171 2135 sunt:
186 2087 213 2135 de
221 2086 308 2149 Ligure
318 2088 421 2149 captusis
429 2102 483 2151 ager
491 2097 551 2136 erat:
565 2088 715 2135 Etruscorum

45 2160 105 2206 ante,
118 2167 187 2213 quam
198 2151 317 2215 Ligurum,
328 2151 407 2199 fueras
438 2152 466 2200 C.
481 2151 588 2200 Churlius
598 2149 716 2197 consulari
759 2201 761 2204 ,

47 2215 136 2263 Urbem
151 2217 229 2273 venit3
246 2216 289 2269 cui,
307 2230 358 2262 curn
369 2216 392 2261 in
404 2224 482 2263 senatu
493 2216 520 2262 de
534 2217 599 2262 rebus
613 2215 636 2259 in
648 2209 716 2257 istriis
742 2237 748 2246 κ

46 2278 215 2343 Liguribusque
229 2295 332 2342 prospere
346 2280 417 2343 gestis
431 2280 576 2332 disseruisset,
593 2276 714 2339 mutuanti

46 2346 175 2406 triumphus
185 2351 221 2391 est
231 2345 340 2391 decretus.
375 2344 532 2404 Triumphauit
545 2345 569 2388 in
583 2342 715 2403 magistratu

46 2408 73 2455 (le
87 2409 175 2455 duabus
190 2408 256 2455 simul
263 2409 374 2471 gentibus.
409 2407 473 2455 Tulit
482 2409 506 2454 in
516 2424 544 2454 eo
555 2406 667 2468 triumpho
675 2404 714 2450 de-

46 2472 134 2519 narium
149 2480 250 2519 trecenta
263 2482 348 2535 septem
362 2472 437 2525 millia,
455 2480 479 2517 et
494 2470 635 2519 victoriatssm
649 2477 714 2515 octo-

45 2538 110 2597 ginta
120 2538 221 2597 quinque
231 2537 300 2585 millia
310 2538 463 2599 septingentos
473 2537 537 2582 dnos.
571 2534 682 2581 Militibus
689 2533 714 2578 in

46 2602 150 2663 singulos
165 2600 227 2660 q'uini
244 2601 295 2648 deni
310 2602 392 2647 denarii
409 2600 467 2647 deti:
487 2600 568 2662 duplex
581 2598 713 2651 centurioni,

45 2666 127 2726 triplex
142 2664 221 2725 equiti.
256 2666 328 2714 Sociis
342 2664 431 2713 dimidio
445 2665 527 2719 minus,
544 2677 611 2724 quam
621 2662 712 2715 civibuts

75 2743 131 2777 vos.
145 2743 170 2775 v.
473 2744 490 2776 n
