1792 2950
168 147 200 193 ss
298 141 429 191 uarvu
445 140 498 189 aa
513 137 567 188 xa
587 111 710 189 orsae(

167 275 230 321 enim
243 280 292 320 toto
306 269 669 333 parrimcamporedillirderrmt:
688 281 838 330 necunquam

167 339 282 385 confertos
295 351 334 382 ecs
345 337 417 383 bortis
427 337 580 383 circumvenit.
615 334 702 393 Tamen
713 334 741 379 ad
752 333 838 380 duode-

168 404 214 450 cim
224 402 292 448 millia
302 408 355 446 sunt
367 415 438 447 msa:
457 408 522 464 capta
535 402 586 463 plur
600 399 698 461 quinque
711 397 781 444 millia
796 400 839 445 bo-
883 441 884 446 ,

168 469 262 517 minum,
278 466 329 525 equi
344 466 509 527 quadringenti,
525 467 591 528 rigna
604 465 706 511 militaria
721 464 840 524 sexaginta

168 531 221 576 duo.
258 528 305 582 Qui
315 531 380 590 palati
391 546 404 576 e
414 529 469 592 iugi
480 530 571 576 domum
584 545 609 576 se
625 529 765 590 recipiebant,
783 529 840 575 alte·

167 607 307 655 rmnagmen
314 594 475 641 Celtiberonrm
483 595 626 648 venientium,
634 594 769 639 deditionem
775 592 841 640 Con-

170 659 247 704 trebiae
262 665 285 704 et
301 673 364 704 suam
380 659 466 705 cladem
482 659 598 712 narrando,
616 659 764 704 averterunt‘
788 657 841 704 Ex-

169 722 255 784 templo
262 723 286 767 in
297 723 359 769 vicos
370 725 502 784 castellaque
514 739 553 770 sua
563 737 641 769 omnes
652 723 735 783 dilapsi.
772 721 842 769 Flac-

170 801 218 840 cus,
236 803 249 833 a
264 785 385 834 Contrebid
398 787 518 849 profectus,
536 804 576 850 per
589 786 730 834 Celtiberiam
744 788 841 847 popula-

169 851 257 897 bundus
275 852 336 897 ducit
353 853 468 913 legiones:
494 854 565 898 multa
582 852 672 898 castella
690 852 838 912 expugnavit,

169 916 242 962 donec
252 917 349 962 maxima
359 933 409 978 pars
421 916 584 964 Celtiberorum
592 918 615 962 in
624 916 759 962 deditionem
768 916 838 962 venit.

204 979 327 1026 XXXIV.
355 981 415 1027 Haec
436 983 460 1026 in
482 983 584 1029 citeriore
603 978 714 1042 Hispania
732 996 760 1026 eo
780 993 840 1026 anno

168 1051 248 1105 gesta:
270 1053 294 1090 et
309 1046 333 1090 in
348 1047 459 1100 ulteriore,
477 1046 578 1093 Manlius
592 1053 676 1108 praetor
689 1045 787 1090 secanda
800 1045 841 1091 ali-

169 1116 226 1168 quot
243 1110 322 1171 proelia
339 1125 390 1156 cum
407 1110 522 1156 Lusitanis
537 1111 597 1157 fecit.
632 1109 736 1170 Aquileia
752 1110 842 1157 colonia

172 1172 254 1220 Latina
269 1174 347 1220 eodem
363 1189 422 1221 anno
437 1177 461 1220 in
476 1191 531 1236 agro
547 1175 664 1222 Gallorum
679 1181 714 1220 est
728 1174 839 1222 deducta:

170 1238 213 1284 tria
229 1239 298 1284 millia
312 1239 581 1320 perlituprquinquagena
593 1242 680 1302 jugera,
698 1240 843 1286 centuriones

171 1310 271 1356 centena,
295 1311 388 1350 centena
408 1305 550 1366 quadragena
571 1305 663 1366 equites,
688 1313 840 1364 acceperunt:

171 1368 259 1414 tresviri
274 1368 419 1421 deduxerunt,
438 1369 465 1414 P.
478 1367 596 1417 Cornelius
610 1369 684 1428 Scipio
697 1367 789 1421 Nasica,
810 1367 839 1416 C.

173 1430 303 1487 Flaminica,
326 1433 356 1480 L.
373 1433 474 1481 Manlius
494 1433 610 1480 Acidinus.
649 1432 722 1479 AEdes
741 1433 794 1480 dure
814 1450 840 1480 eo

171 1510 232 1543 anno
242 1498 347 1544 dedicatae
358 1507 424 1555 suot;
440 1514 485 1545 una
493 1498 588 1545 Veneris
596 1498 702 1559 Erycina
714 1498 741 1543 ad
752 1506 840 1559 portam
885 1500 886 1503 ’

172 1559 295 1608 Collinam:
314 1563 422 1608 dedicavit
433 1561 463 1608 L.
473 1562 566 1609 Porcius
578 1562 606 1609 L.
616 1562 644 1609 F.
654 1561 747 1609 Licinus
757 1564 840 1609 duum-

171 1625 207 1670 vir
218 1627 282 1686 (vota
292 1628 376 1671 eratab
384 1628 475 1672 consule
484 1626 512 1672 L.
523 1627 612 1681 Porcio,
625 1626 746 1689 Ligustino
754 1626 837 1688 bellolz

170 1688 247 1740 altera,
257 1689 280 1732 in
290 1688 350 1734 Foro
358 1689 461 1742 Olitorio,
472 1690 576 1738 Pietatis:
592 1706 641 1739 eam
651 1692 721 1737 {edem
730 1693 842 1738 dedicarit

172 1751 265 1797 Manius
274 1751 362 1798 Acilius
376 1753 469 1799 Glabrio
483 1755 600 1802 duumvir:
620 1762 760 1816 statuamque
774 1772 840 1804 aura-

170 1822 225 1865 tam,
241 1830 291 1874 quae
305 1817 376 1876 prima
390 1820 490 1864 omniurn
505 1820 528 1864 in
544 1819 609 1867 Italia
623 1829 695 1867 statua
708 1828 786 1869 aurata
796 1830 839 1875 cst,

170 1879 227 1939 patri
243 1879 358 1925 Glabrioni
372 1883 454 1942 posuit.
490 1883 515 1929 Is
529 1892 584 1938 erat,
600 1886 637 1945 qui
648 1886 695 1946 ipse
706 1900 755 1931 eam
767 1886 839 1933 aedem

169 1950 270 1995 voverat,
282 1959 327 2004 quo
338 1946 374 1992 die
383 1962 434 1992 cum
446 1964 500 2009 rege
511 1950 624 1995 Antiocho
635 1949 840 2012 ad'1lrermopylas

170 2005 334 2069 depugnasset:
350 2011 505 2072 locaveratque
515 2014 572 2060 idem
584 2029 613 2060 ex
624 2006 838 2062 sebattls-consulto.

172 2071 218 2118 Per
227 2073 317 2121 eoadem
328 2075 380 2129 dies,
398 2077 477 2136 quibus
492 2079 528 2124 hae
541 2079 600 2125 aedes
611 2078 717 2125 dedicatae
729 2087 789 2134 sunt,
805 2079 839 2127 L.

171 2137 277 2184 AEmilius
288 2137 372 2186 Pardua
382 2142 502 2202 proconsul
512 2156 540 2188 ex
551 2142 672 2205 Liguribus
681 2142 792 2206 Ingaunis
801 2147 842 2191 tri-

170 2203 292 2264 umphavit.
310 2245 313 2248 .
326 2204 452 2251 'lbanstulit
466 2222 558 2254 coronas
573 2222 650 2255 aureas
662 2209 761 2269 quinque
772 2217 796 2255 et
807 2211 842 2256 vi-

169 2268 240 2328 ginti:
261 2283 302 2315 nec
312 2277 419 2331 praeterea
431 2271 549 2332 quidquam
565 2274 612 2319 auri
627 2274 759 2334 argentique
773 2274 797 2319 in
813 2290 841 2321 oo

168 2333 283 2393 trirunpbo
300 2334 385 2381 latumz
410 2336 492 2397 captivi
511 2337 575 2383 multi
593 2336 705 2399 principes
725 2337 841 2399 Ligurum

169 2403 222 2442 ante
237 2412 326 2443 curnam
343 2399 417 2445 ducti:
441 2402 492 2446 aeria
511 2408 612 2448 trecenos
629 2402 735 2449 militibus
753 2404 838 2450 divinit.

169 2459 291 2507 Auxerunt
295 2464 344 2524 eJus
351 2465 457 2525 triumphi
464 2464 546 2511 lamam
554 2467 621 2528 legati
630 2466 749 2528 Ligurum,
760 2482 840 2529 paoern

167 2531 297 2582 perpetuam
307 2536 407 2575 orantes:
428 2536 444 2558 ‘⁴
454 2530 485 2575 ita
494 2531 517 2575 in
529 2531 627 2576 animum
638 2532 752 2577 induxisse
764 2532 839 2595 Lign-

168 2599 218 2630 nlm
233 2596 333 2647 genten,
353 2593 415 2639 bulla
430 2608 528 2653 unquam
544 2610 612 2649 arma,
635 2596 677 2641 nisi
696 2596 807 2659 imperata
826 2612 839 2644 ι

165 2650 249 2710 populo
260 2650 372 2710 Romano,
389 2657 503 2705 sennme.”
537 2658 679 2721 Responam
696 2662 754 2715 aQ.
766 2660 839 2710 Fabio
