1792 2950
169 166 300 226 Tsslrlvll
316 175 477 227 Imew.
496 176 556 226 em.
572 182 609 225 m
674 182 724 229 sss
777 247 778 250 Ἴ

63 273 149 355 caim
161 306 207 355 duo
221 308 300 355 umori
312 308 476 370 procurrebant,
490 306 660 369 comminatique
670 308 728 355 inter

63 386 99 425 ae,
113 372 140 417 ab
152 370 199 417 imi
212 371 238 417 in
252 386 361 419 mmmam
371 372 504 423 testudinem
514 388 554 435 per
564 372 655 420 densata
665 381 728 420 scuta
750 426 751 429 Ἴ

62 450 116 482 mun
126 436 256 490 erasissem,
267 450 327 482 nunc
334 437 397 483 velut
407 442 572 498 propugnantes
582 452 622 497 per
630 451 679 483 oras
687 451 728 483 ex-

62 507 143 552 tremas
150 500 275 554 testudinis,
287 514 346 546 nunc
353 501 377 545 in
385 499 457 546 medid
465 501 522 545 inter
530 516 554 545 se
562 509 725 555 concurrentes,

61 564 123 610 baud
134 560 200 610 aecus
208 579 275 623 quam
286 565 356 610 stabili
367 565 415 610 solo
425 565 580 643 persultabant.
607 564 669 611 Huic
682 574 728 612 tes-

62 628 136 673 tudini
147 626 258 674 simillima
268 627 323 689 parti
334 643 391 674 mun
384 626 494 681 admoti,
508 644 558 674 cum
556 630 643 683 amiati
651 645 729 691 super-

63 699 150 738 stantes
161 692 276 746 subissem,
292 694 492 767 propugnatoribus
507 694 564 739 muri
578 693 667 754 fastigio
680 694 730 739 alti-

61 757 148 809 tudinis
159 757 312 815 aequabantur:
328 757 487 818 depulsisquc''
473 772 507 809 ιιι,
518 758 541 801 in
550 758 625 803 urbem
630 757 728 803 duorum

63 818 182 881 signorum
192 820 274 874 milites
280 822 472 867 nansoenderunt.
495 820 522 867 Id
530 823 616 867 tantum
625 822 730 867 dissimile

62 883 116 953 fuit,
132 884 197 943 quod,
215 886 256 929 et'
250 899 273 930 m
283 885 357 931 fronte
367 883 473 938 extremi,
489 893 512 931 et
523 900 551 931 ex
561 886 672 939 lateribus
689 886 730 932 soli

64 948 114 993 non
129 948 237 995 habebant
252 964 318 1010 anper
333 949 403 1011 capita
418 950 475 995 elata
492 956 560 1003 scuta
578 966 606 996 ne
608 951 730 997 nudarent

66 1025 176 1089 eorpora3
198 1012 237 1058 aed
252 1021 357 1088 praetecta
371 1014 519 1075 pugnantium
537 1029 614 1059 more.
638 1016 669 1061 ita
688 1030 730 1064 nec

65 1076 127 1138 ipsos
137 1070 182 1122 tela
191 1090 221 1122 ex
230 1083 294 1122 muro
308 1078 376 1123 missa
390 1078 509 1123 subeuntes
523 1077 635 1129 laeserunt,
651 1086 675 1123 et
685 1086 731 1125 tes·

64 1140 138 1187 tudini
154 1140 235 1215 injecta
249 1142 363 1187 imbriam
379 1142 470 1187 modum
487 1140 570 1185 lubrico
588 1140 701 1201 fastigio'
695 1158 731 1187 rn-

65 1206 135 1251 noxia
145 1205 252 1254 adimam
262 1205 395 1252 labebantur.
417 1204 451 1252 Et
459 1204 542 1255 consul,
553 1206 633 1263 capto‘
624 1220 671 1265 Jam
680 1205 730 1252 He·

64 1269 148 1322 tadeo,
164 1276 236 1315 castra
249 1268 277 1315 co
290 1270 416 1331 promovit;
433 1276 546 1327 tamquam
561 1268 640 1320 Dium,
657 1276 729 1327 atque,

62 1332 118 1379 inde
134 1334 237 1379 submoto
253 1350 313 1395 rege,
330 1335 354 1379 in
371 1333 466 1379 Pieriam
482 1332 547 1377 etiam
563 1346 727 1393 progressurus.

64 1397 119 1450 sm,
135 1397 227 1445 hiberna
237 1399 285 1459 jam
298 1412 432 1459 praeparans,
447 1397 495 1443 vias
511 1396 667 1441 commeatibus
681 1397 732 1441 sub-

64 1461 176 1509 vmendls
189 1477 218 1508 err
231 1460 347 1508 'I'bessalid
362 1462 442 1508 muniri
456 1461 525 1522 jubet,
543 1466 567 1506 et
582 1459 634 1521 eligi
648 1460 732 1507 horreis

64 1524 193 1588 opportuna
202 1527 258 1580 loca,
274 1534 376 1586 tectaque
390 1525 499 1579 mdificari,
516 1525 551 1570 ubi
566 1523 670 1570 diversari
680 1539 732 1586 por-

64 1597 142 1637 tantas
153 1589 289 1645 commeatus
298 1597 396 1652 possent.

92 1653 135 1700 X.
158 1652 259 1707 Reracua,
279 1655 375 1707 tandem,
395 1669 409 1700 a
424 1668 519 1730 pavoreu
522 1669 549 1700 eo
566 1669 609 1729 quo
626 1653 732 1700 attonitus
748 1653 755 1666 ⁹

63 1718 149 1772 iuerat
160 1726 249 1780 recepto
257 1718 532 1779 animo,malle‚'1mperiis
541 1719 586 1764 suis
594 1733 639 1770 non
644 1719 733 1764 obtem-

66 1789 171 1899 paramum
187 1796 243 1836 esse,
263 1789 386 1844 cumtrepr
331 1783 441 1844 trepidans
457 1798 539 1844 gazam
554 1784 578 1828 in
594 1798 654 1830 mare
670 1783 734 1845 dejici

161 1845 326 1893 'lbessalomcae
334 1847 435 1893 navalia
425 1855 522 1910 Jusrerat
530 1847 623 1894 incendi
643 1847 734 1894 Andro-

66 1912 141 1964 nicus,
152 1910 333 1958 Thessalonicam
343 1911 431 1965 missus,
442 1919 540 1958 traxerat
550 1920 643 1974 tempus,
657 1912 707 1975 (id'
701 1927 734 1972 rp-

69 1989 121 2021 sum
132 1975 193 2035 quod
202 1973 292 2034 accidit)
306 1975 443 2036 poenitentiae
458 1976 583 2036 relinquens
592 1976 680 2022 locum:
700 1976 735 2020 in·
777 1987 780 2001 ι

69 2037 241 2086 munorNicias
248 2039 318 2086 Pellae
324 2039 565 2100 projiciendopaouniae
573 2048 665 2100 partem,
676 2039 735 2098 quod

9 2143 10 2155 ,
68 2103 145 2150 iamt
155 2111 244 2149 nactus.
262 2103 331 2150 sedin
343 2101 413 2168 [rem]
422 2103 611 2149 emendabilem
590 2117 651 2149 visus
661 2103 736 2162 lapsus

69 2181 130 2220 esse,
142 2166 233 2226 quod
211 2183 251 2228 per
261 2168 383 2214 urinatores
394 2181 461 2212 omne
470 2165 540 2212 ferme
551 2173 674 2212 extractum
685 2171 733 2210 esta

70 2238 193 2291 mammae
206 2233 277 2310 pudor
291 2232 339 2294 regi
353 2231 476 2292 pavorioJ
456 2231 503 2292 ejus
513 2229 562 2283 brit,
579 2236 604 2276 ut
614 2231 736 2275 urinatores

70 2296 130 2342 clam
140 2295 253 2342 interfici
243 2297 348 2372 Juaaerit3
364 2295 442 2341 deinde
453 2293 605 2340 Andronicum
616 2307 713 2368 quoque
715 2298 738 2338 et

70 2357 164 2412 timim,
177 2373 207 2406 ne
221 2359 275 2420 quis
284 2367 330 2406 tam
340 2357 466 2405 demendo
459 2357 544 2418 imperii
554 2358 656 2404 conscius
667 2355 738 2402 exsis-

70 2430 137 2469 teret.
159 2421 223 2469 Inter
230 2425 279 2470 baec
288 2422 316 2472 C.
326 2423 433 2476 Marcius,
445 2437 497 2468 oum
508 2421 577 2467 classe
588 2423 614 2468 ab
625 2421 737 2466 Heracleo

71 2485 255 2534 'l'bessalonicam
263 2487 382 2548 proiectus,
395 2494 418 2532 et
427 2501 506 2548 agrum
518 2485 615 2546 pluribus
625 2485 686 2537 locis,
699 2499 739 2530 ex-

71 2551 151 2612 positis
161 2551 273 2612 perlitora
280 2552 376 2603 armatis,
389 2549 542 2602 latevastavit,
555 2555 739 2610 etprocurrentes

72 2614 102 2660 ab
109 2615 171 2667 urbe,
183 2615 286 2670 secundis
293 2616 376 2676 aliquot
383 2615 475 2676 proeliis,
487 2613 584 2674 trepidos
592 2614 649 2661 intra
657 2613 740 2660 moenia

66 2678 189 2749 pornprrlit·
207 2676 303 2739 Jamque
313 2679 355 2740 ipsi
365 2679 413 2727 urbi
421 2677 522 2726 terribilis
529 2685 584 2732 erat,
596 2693 656 2737 epm,
665 2677 740 2739 dispo-¹
