1792 2950
189 154 224 206 n.
239 145 326 206 'mvn
343 158 395 206 nn.
410 157 464 206 xn
485 158 545 207 css.
559 165 600 208 ιι.
700 169 734 214 ss

62 287 136 334 elom
150 301 180 333 ex
195 283 270 335 Gellii
284 287 408 334 trsduoeret
421 289 444 333 in
460 287 565 350 Ligures,
581 297 604 336 et
616 288 645 336 L.
657 291 733 340 AEmi·

62 353 121 400 lium
138 352 242 398 liberaret
260 353 379 398 obsidione.
415 352 477 399 Haeo
494 369 543 400 sera
559 353 634 401 futura
652 359 734 404 auxilia

62 423 136 464 erant·
172 414 270 478 Ligures
284 423 373 477 postero
386 416 421 462 die
431 418 460 462 ad
469 425 541 464 eastra
551 420 651 466 redeunt.
686 423 733 468 AE·

62 479 147 534 utilius,
164 495 216 527 cum
227 488 250 526 et
261 487 367 526 venturos
378 481 464 534 scisset,
479 490 502 528 et
516 483 608 530 educere
623 485 645 530 in
660 487 731 534 aciem

8 581 11 590 .
60 546 181 606 potuisset,
193 545 252 590 intre
262 545 344 590 vallum
355 560 407 590 suos
419 545 496 599 tenuit,
513 555 538 592 ut
548 550 672 596 extraheret
683 565 731 597 rem

60 610 119 656 inid
129 616 225 670 tempus,
238 623 282 670 quo
293 608 384 655 Baebius
395 625 446 654 eum
457 612 555 656 exereitu
563 613 661 661 venires
672 614 731 662 Pisis

60 680 195 783 Po’lieltl'VL
215 737 297 784 Romae
308 753 412 800 magnam
423 738 590 799 trepidationem
597 742 667 789 literae
675 742 731 791 Bie-

59 803 91 849 bii
111 801 230 858 feserunt3
253 817 280 847 eo
299 804 413 864 majorem,
436 804 496 863 quod
514 819 596 864 paucos
612 815 664 867 post
682 809 730 855 dies

57 866 194 918 Mareellus,
212 865 292 912 tradito
303 867 401 912 exercitu
416 866 494 921 Fabio,
511 867 609 915 Romam
623 886 674 917 crum
689 888 730 919 ve-

58 937 142 1041 tlt
153 931 395 1055 diffidit
409 945 486 1055 itt,
494 933 568 1057 ‘ill‘
577 943 729 1046 &titt

58 1057 130 1105 Istris
135 1065 201 1111 esset,
212 1059 377 1120 prohibentibus
385 1060 493 1106 coloniam
502 1062 627 1121 Aquileiam
635 1064 727 1112 deduci:

58 1139 88 1171 eo
104 1122 230 1184 proiectum
246 1122 346 1175 Fabium,
365 1138 436 1182 neque
450 1124 502 1170 inde
514 1127 607 1186 regredi,
624 1129 682 1174 bello
692 1130 728 1174 in-

57 1189 148 1240 choato,
161 1202 234 1249 posse.
263 1186 323 1242 Una,
336 1195 358 1232 et
368 1203 395 1233 ea
404 1187 452 1248 ipsa
461 1189 551 1242 tardior,
562 1205 629 1249 qnam
640 1200 728 1254 tempus

56 1252 193 1314 postulabat,
209 1251 299 1298 subsidii
309 1267 360 1312 spes
370 1259 423 1304 eret,
437 1253 456 1298 si
466 1254 568 1299 consules
579 1255 728 1302 maturissent

56 1317 82 1362 in
100 1315 240 1377 provinciam
256 1315 296 1362 ire.
330 1315 358 1362 Id
374 1323 399 1361 ut
413 1316 518 1369 lacerent,
538 1333 579 1378 pro
595 1333 620 1364 se
634 1320 728 1378 quisque

57 1379 155 1427 Patrum
172 1379 300 1426 vociferari:
326 1380 435 1433 eonsules,
456 1381 498 1425 nisi
513 1380 616 1426 conlecto
631 1381 726 1437 delectu,

57 1458 144 1507 negare
156 1459 180 1490 se
189 1443 267 1498 ituros,
280 1458 321 1491 neo
332 1459 395 1491 suam
406 1445 531 1506 segnitiem,
544 1443 583 1491 sed
592 1445 638 1491 vim
646 1447 724 1502 morbi,
749 1459 755 1472 ‘

54 1510 81 1555 in
98 1506 167 1555 causi
180 1524 235 1562 esse,
253 1524 298 1569 qno
313 1510 383 1555 serius
397 1508 545 1569 perficeretur.
580 1509 635 1555 Non
651 1516 726 1557 umen

54 1579 182 1635 potuerunt
192 1573 300 1620 sustinere
310 1588 442 1619 consensus
453 1573 552 1627 senatis,
566 1575 619 1634 quin
629 1574 726 1636 paludati

54 1637 155 1689 exirent,
168 1644 190 1683 et
200 1638 310 1691 militibus,
324 1652 381 1698 quos
391 1638 528 1700 conscriptos
538 1639 649 1695 baberent,
666 1640 726 1687 diem

53 1702 177 1755 edicerent,
198 1716 242 1761 quo
259 1701 324 1749 Pisas
340 1702 491 1749 convenirent.
525 1701 670 1759 Permissum,
690 1713 723 1760 ut,

53 1766 102 1827 qud
112 1766 179 1819 irent,
190 1766 291 1827 pmtinus
302 1768 417 1813 subitarios
427 1768 508 1814 milites
518 1768 644 1823 seriberent,
657 1770 726 1817 duee-

52 1838 152 1890 seneque
163 1844 244 1877 sesnin.
265 1830 299 1877 Et
308 1832 445 1892 praetoribus,
460 1831 493 1885 Q.
502 1831 592 1880 Petillio
601 1843 625 1881 et
636 1833 669 1888 Q.
678 1834 725 1882 Fs·

52 1897 101 1947 bio,
117 1894 246 1955 imperatum
258 1903 298 1949 est,
314 1902 340 1941 ut
351 1894 452 1945 Petillios
462 1897 517 1943 duas
526 1898 627 1960 legiones
640 1898 725 1945 civium

53 1960 214 2006 Romanorum
225 1960 377 2006 turnultusrias
387 1961 497 2015 scriberet,
508 1969 533 2009 et
540 1978 618 2009 omnes
626 1963 725 2010 minores

52 2024 218 2085 quinquaginta
236 2024 298 2070 annis
317 2032 454 2071 sacramento
472 2034 576 2089 rogaret3
599 2026 676 2079 Fabio,
697 2034 725 2074 ut

54 2088 123 2134 sociis
134 2086 211 2134 [otini
222 2088 317 2134 nominis
325 2089 449 2149 quindecim
457 2090 525 2136 millia
531 2090 638 2151 peditum,
650 2091 724 2135 octin-

54 2160 139 2215 gentos
149 2153 242 2212 equites,
257 2154 382 2265 ingereret.
416 2152 538 2200 Duumviri
551 2153 641 2200 navales
655 2154 725 2198 creati

55 2216 85 2265 C·
99 2217 217 2264 Matienus
235 2224 258 2263 et
320 2215 446 2271 Lueretius,
465 2232 577 2277 navesque
594 2217 622 2261 iis
638 2222 723 2262 omstae

54 2288 123 2338 sunt;
140 2281 294 2341 Matienoque,
310 2284 373 2345 eujus
385 2282 413 2329 sd
425 2282 537 2329 Gallicum
548 2281 622 2327 sinum
632 2279 725 2341 provia-

52 2346 89 2392 eia
107 2352 162 2399 erat,
182 2346 313 2408 imperatum
332 2354 374 2399 est,
393 2353 420 2392 ut
436 2346 529 2391 classem
546 2345 618 2405 primo
635 2358 725 2404 quoque

54 2418 156 2471 tempore
167 2410 257 2457 duoeret
266 2411 290 2457 in
301 2409 412 2472 Ligurum
424 2424 485 2455 oram
497 2409 515 2454 si
529 2406 598 2471 [quo]
613 2408 662 2454 usui
673 2422 725 2454 esse

55 2473 85 2521 L·
95 2472 190 2520 AEmilio
200 2482 267 2535 atque
276 2476 325 2537 ejus
336 2474 442 2521 exercitui
452 2480 535 2534 posset.

62 2570 65 2577 .
87 2537 200 2584 XXVII.
219 2538 332 2593 AEmilius,
348 2546 465 2600 postquam
476 2537 531 2583 nibil
540 2551 634 2596 usquam
646 2538 721 2583 auxilii

53 2602 219 2657 ostendebatur,
236 2605 371 2664 interceptos
386 2603 478 2649 credens
494 2601 585 2662 equites,
603 2615 648 2647 non
663 2602 721 2648 ultra

51 2666 199 2714 differendum
211 2676 279 2721 ratus,
291 2669 343 2727 quin
354 2682 393 2729 per
404 2666 551 2721 sersortunem
562 2673 663 2719 tentaret,
675 2666 723 2725 pri·

85 2743 137 2777 von.
151 2742 172 2773 v·
482 2746 493 2778 ι
