1792 2950
139 143 177 192 m
271 130 673 203 mmmmmm

145 271 267 317 moturum,
278 262 308 310 1.
315 263 415 313 Acilium
422 277 477 308 cum
488 259 523 308 cdd
532 259 622 308 sinistri
630 267 654 308 et
664 257 812 306 sexrmiltibus

146 328 311 392 provincialium
319 326 453 372 amriliornm·
458 327 574 372 circumire
581 331 680 375 montem
686 325 758 385 jubet,
771 325 814 383 qui

146 396 174 440 ab
184 401 248 453 tergo
258 391 357 436 hostibus
368 397 429 447 erat3
445 390 504 444 iude,
519 391 556 436 ubi
569 390 689 436 clamorem
702 388 811 441 audisset,

99 472 103 480 ’
146 459 261 504 decurrere
271 454 298 500 ad
308 461 381 500 cestra
390 470 474 500 eorum.
509 453 585 500 Nocte
615 452 691 499 rofecti
707 459 766 504 sunt,
783 467 814 498 ne

146 526 237 583 possent
247 519 351 579 conspici.
378 517 473 566 Flaocus
482 518 532 564 luce
542 519 613 579 prima
624 516 652 565 C.
663 517 812 570 Scribonium,

146 584 274 646 praefectum
286 583 378 635 uocissm,
385 584 423 633 ad
433 584 516 629 vallum
531 583 628 628 hostium
639 597 690 628 cum
701 582 815 640 equitibus

147 647 323 695 extraordinariis
338 647 433 693 siniatrae
447 649 489 693 olae
502 647 583 703 mittit3
600 661 656 706 quos
671 647 708 691 ubi
722 651 745 690 et
760 661 815 706 pro-

146 714 196 774 pius
206 712 317 765 accedere,
332 719 356 757 et
370 713 451 772 piures,
467 727 533 772 quam
549 711 606 756 soliti
619 717 689 763 erant,
706 708 815 758 Celtiberi

145 783 317 901 {iffiii‘iss
325 773 818 891 miiitiixittitittffitittiti

148 854 381 965 utipraeceptursdgeliat,
388 905 425 950 ubi
431 903 645 965 primumfremitum
653 900 815 968 [equestrium]

147 968 237 1021 audivit,
253 968 333 1014 avertit
343 983 419 1027 equos,
436 975 459 1014 et
470 976 541 1014 castre
552 969 638 1028 repetit.
673 967 711 1013 Eo
722 966 816 1014 effusius

147 1033 210 1093 requi
226 1033 315 1078 hostes:
335 1032 407 1092 primo
423 1034 515 1093 equites,
532 1047 586 1079 mox
601 1040 625 1078 et
640 1031 740 1093 peditum
757 1033 817 1080 acies

147 1098 229 1150 aderet,
241 1097 300 1142 haud
310 1094 375 1142 dubit
385 1112 430 1158 spe,
442 1105 515 1143 castra
525 1112 552 1143 eo
561 1097 597 1143 die
604 1112 628 1142 se
636 1103 813 1158 oppugnaturos.

149 1160 293 1223 Quiogentos
306 1176 391 1222 passus,
408 1176 454 1206 non
468 1162 524 1223 plus,
541 1161 622 1208 avallo
634 1161 730 1207 aberant.
767 1160 818 1210 Ite·
881 1207 882 1214 ,

148 1241 198 1286 que,
213 1226 250 1272 ubi
265 1223 359 1272 maccus
374 1227 427 1272 eatis
442 1227 563 1272 abstractos
578 1241 617 1271 eos
628 1226 757 1286 apraesidio
767 1242 817 1272 cns-

147 1297 233 1336 trorum
250 1305 341 1336 euorurn
358 1298 419 1336 ratus
436 1299 477 1342 est,
494 1291 553 1336 intra
568 1290 651 1335 vallum
666 1290 766 1336 exercitu
780 1291 818 1336 in·

148 1362 239 1409 eturcto,
257 1355 327 1402 tribue
340 1355 437 1416 partibus
452 1355 518 1401 simul
533 1355 635 1415 erumpit,
654 1355 752 1400 clamore
770 1370 816 1402 non

147 1426 234 1466 tantum
250 1420 278 1466 ad
294 1421 393 1466 ardorem
409 1435 493 1481 pugnae
508 1418 648 1465 excitandum
664 1419 757 1472 subiato,
776 1421 816 1468 sed
882 1462 883 1474 ,

148 1486 214 1532 etium
225 1493 257 1538 ut,
269 1485 340 1544 quiin
352 1486 463 1530 montibus
474 1492 542 1537 erant,
555 1484 694 1530 exaudirent:
713 1499 755 1530 nee
763 1501 814 1531 mo-
882 1506 883 1511 ¹

148 1550 189 1595 rati
200 1556 259 1602 eunt,
275 1550 328 1608 quin
339 1549 486 1601 decurrerent,
504 1550 561 1595 sicut
571 1550 702 1609 imperatum
713 1558 768 1602 erat,
785 1552 814 1599 ad

147 1620 231 1669 σηπίης
246 1613 282 1657 ubi
292 1613 389 1672 quinque
399 1614 492 1658 millium
501 1621 643 1666 armatorum,
656 1628 701 1659 non
710 1614 813 1675 amplius,

148 1677 247 1721 relictum
258 1682 305 1720 erat
316 1675 456 1736 praeeidium:
476 1692 532 1735 quos
547 1693 598 1723 curu
613 1684 636 1723 et
649 1678 748 1738 paucitas
764 1694 813 1735 sua,

147 1746 173 1798 et,
188 1738 307 1784 multitudo
325 1739 428 1791 hostium,
453 1747 475 1785 et
496 1740 615 1801 improvisa
634 1757 669 1788 reu
687 1742 812 1805 terruisset,

146 1818 215 1864 prope
229 1802 277 1847 eine
291 1803 410 1849 certamine
424 1804 540 1864 capiuntur
555 1813 640 1852 castra:
659 1802 744 1859 castris,
761 1814 814 1867 qdae

146 1881 198 1927 pare
213 1864 309 1912 maxime
324 1882 338 1912 a
350 1868 500 1928 pugnantibus
514 1871 612 1931 conspici
625 1878 719 1932 poterat,
736 1872 814 1934 injecit

143 1930 235 1981 Acilius
245 1930 329 1991 ignem.

179 1992 291 2041 XXXII.
308 1993 419 2041 Postremi
428 1995 597 2052 Celtiberorum,
607 2001 644 2060 qui
652 2001 676 2045 in
684 2001 731 2047 acie
738 2009 811 2056 erant,

145 2059 210 2121 primi
224 2058 336 2107 flmumem
351 2059 500 2122 conspexere:
519 2063 598 2109 deinde
609 2080 649 2125 per
659 2072 729 2111 totam
740 2067 812 2113 aciem

145 2125 261 2186 vulgatum
272 2133 313 2179 est,
325 2133 397 2172 castre
407 2127 487 2173 amissa
497 2143 553 2183 esse,
565 2136 588 2173 et
597 2136 645 2174 turn
654 2144 705 2174 curn
714 2131 813 2177 maxime

145 2190 228 2236 ardere.
261 2187 329 2236 Unde
338 2191 382 2237 illis
392 2198 469 2245 terror,
482 2191 533 2239 inde
544 2192 653 2239 Romanis
663 2194 751 2241 animus
762 2212 813 2243 cre-

145 2254 185 2300 vit.
219 2253 272 2303 Jam
283 2255 366 2301 clamor
377 2270 467 2301 suorum
479 2256 615 2303 vincentium
629 2257 748 2312 accidebat,
760 2261 812 2321 Jem

144 2318 243 2369 ordeum
260 2320 357 2365 hostium
376 2327 448 2367 eostre
460 2322 604 2382 apparebant.
645 2320 750 2369 Celtiberi
769 2339 810 2385 pr-

145 2396 234 2443 rumper
243 2383 333 2429 incertis
342 2384 422 2431 animis
431 2384 531 2431 fluctuati
540 2393 602 2433 sunt:
620 2398 733 2440 caeterum,
745 2396 811 2448 port-

144 2460 210 2505 qunm
221 2454 321 2509 receptur
331 2448 400 2509 putris
410 2450 484 2496 nuilus
495 2458 548 2503 erat,
565 2465 605 2497 nec
616 2465 717 2511 usquam,
731 2452 775 2501 nisi
786 2454 811 2501 in

144 2510 270 2563 certamine,
283 2527 339 2572 spes,
351 2513 483 2573 pertinacius
494 2514 521 2559 de
529 2515 616 2576 integro
624 2522 742 2577 capessunt
748 2532 810 2595 Ριξ-

144 2586 203 2646 epm.
238 2573 295 2620 Acie
312 2575 384 2622 medii
402 2579 536 2639 urgebuntur
554 2580 633 2625 acriter
651 2594 665 2625 a
680 2581 760 2638 quinta
776 2582 809 2629 le-

143 2650 223 2695 grone:
247 2638 352 2685 adversus
371 2640 452 2687 levum
472 2657 547 2697 cornu,
568 2643 591 2689 in
607 2658 652 2702 quo
669 2644 702 2689 uui
718 2646 811 2705 generiq
