1792 2950
169 158 203 219 ss
300 168 330 217 Τ.
344 167 431 217 nrvn
447 167 499 215 nn,
514 165 568 214 xn.
589 165 647 216 cur.
661 170 700 214 se

169 299 224 353 fieri,
236 308 382 362 preterquam
392 297 452 357 quod
460 298 490 344 ita
501 298 595 349 deberet,
607 297 673 342 etiam
681 309 749 357 prope
756 309 839 344 necea.

170 366 252 411 sarium
271 368 336 408 esset.
372 360 408 407 Ita
424 361 484 408 enim
500 363 621 408 obstinatos
637 375 687 406 esse
702 360 791 415 milites,
812 368 841 408 ut

170 444 216 474 non
230 429 288 474 ultm
301 426 389 471 retineri
402 440 469 487 posse
483 426 506 470 in
516 423 631 487 provincii
641 425 769 472 riderentur
776 441 785 482 ;
801 427 838 472 in-

165 494 273 554 jussuque
291 490 370 536 abituri
388 491 439 536 inde
457 498 538 542 essent,
559 491 577 536 si
594 503 639 535 non
656 489 836 547 ‹limitterentur3

169 556 246 602 autin
261 552 413 616 perniciosam,
432 555 451 601 si
467 555 517 615 quis
533 555 632 616 impense
648 554 759 608 retineret,
778 554 839 600 sedi-

168 621 251 665 tionem
267 618 393 665 exarsuri.”
426 617 561 666 Consulibus
578 619 683 665 ambobus
697 619 837 679 provinciam

169 682 266 745 Ligures
284 699 333 730 esse
352 691 441 729 senatus
455 683 528 744 jussit.
564 677 677 729 Praetores
695 683 747 728 inde
763 683 838 730 sortiti

169 755 228 794 sunt.
266 749 297 793 A.
314 747 415 793 Hostilio
433 748 522 800 urbane,
542 746 578 792 Ti.
596 747 700 792 Minucio
717 747 838 808 peregrino

169 812 265 864 obvenit,
288 811 316 856 P.
337 810 441 859 Cornelio
465 811 544 864 Sicilia,
569 810 597 859 C.
617 811 704 856 Maenio
724 811 835 858 sardinia

168 875 291 937 Hispanias
302 876 380 928 sortiti,
395 874 424 920 L.
434 874 564 921 Postumius
574 875 708 928 ulteriorem,
721 874 758 921 'It
771 876 838 922 Sem·

168 941 259 1002 pronius
275 941 405 986 citeriorem.
442 938 466 984 Is
482 940 533 1000 qnia
549 953 690 986 successurus
707 938 739 993 Q.
753 939 837 986 Fulvio

169 1003 251 1050 Flacco
262 1012 315 1058 erat,
331 1010 446 1050 revetere
457 1005 554 1050 exercitu
567 1004 681 1065 provincia
696 1004 836 1064 spoliaretur,
883 1045 884 1048 ,

169 1075 186 1097 “
193 1067 304 1122 Quaero,”
316 1069 394 1128 inquit,
408 1075 423 1097 ‘⁸
430 1069 459 1114 de
466 1076 495 1121 te,
506 1067 534 1113 L.
544 1068 640 1120 Minuci,
650 1083 701 1114 cum
708 1067 836 1115 confectam

166 1134 303 1194 provinciam
314 1134 409 1186 nunties,
426 1133 575 1185 existimesne,
592 1131 716 1180 Celtiberos
726 1139 837 1194 perpetuo

167 1196 192 1243 in
202 1198 245 1244 fide
255 1213 379 1250 mansuros,
390 1199 422 1244 ita
432 1204 458 1242 ut
467 1199 516 1243 sine
525 1197 624 1242 exercitu
635 1211 661 1242 ea
671 1197 786 1258 provincia
797 1198 838 1244 ob-

167 1262 233 1308 tineri
243 1262 331 1323 possit?
356 1262 380 1310 Si
390 1272 463 1322 neque
473 1261 500 1307 de
510 1261 554 1308 ude
563 1262 703 1307 barbarorum
715 1261 837 1321 quidquam

167 1328 265 1388 recipere
274 1335 313 1373 aut
325 1326 434 1373 affirmare
449 1326 512 1372 nobis
526 1332 597 1386 potes,
614 1332 637 1370 et
651 1326 777 1372 habendum
791 1326 837 1372 illic

167 1392 244 1452 utique
254 1392 375 1438 exercitum
386 1405 477 1447 censes3
495 1397 569 1435 utrum
581 1389 669 1435 tandem
681 1397 760 1435 auctor
771 1405 837 1436 sena-
883 1447 884 1450 Ἰ

166 1457 200 1502 tui
220 1457 249 1502 sis
266 1457 441 1519 supplementum
458 1455 480 1501 in
498 1454 630 1517 Hispaniam
646 1453 756 1509 mittendi,
778 1455 835 1501 utii

165 1523 241 1573 modo,
253 1523 332 1581 quibus
342 1521 433 1567 emerita
443 1519 551 1581 stipendia
561 1520 612 1573 sint,
628 1519 709 1564 milites
720 1519 835 1566 ‹lirnittan-

166 1592 211 1638 tur,
223 1587 333 1631 vctenbus
344 1585 449 1629 militibus
459 1584 542 1630 tirones
552 1584 719 1630 immiscemur
723 1600 731 1641 3
747 1599 784 1637 an,
797 1584 836 1631 de·
882 1600 883 1603 ¹

167 1648 239 1693 ductis
254 1648 283 1694 de
296 1647 409 1708 provincii
423 1649 533 1693 veteribus
547 1648 676 1710 legionibus,
695 1662 767 1697 novae
780 1664 836 1695 con·

167 1711 275 1756 scribendi
293 1719 317 1756 et
334 1711 451 1767 mittendi;
477 1726 527 1758 cum
550 1720 686 1759 contemtum
705 1713 835 1761 tirocinium
881 1726 882 1770 t

165 1775 232 1819 etiam
243 1775 341 1820 mitiores
351 1776 454 1821 barbaros
465 1777 561 1823 excitare
574 1777 602 1823 ad
616 1777 766 1823 rebellandum
781 1792 836 1840 pos·

165 1838 202 1882 sit.
238 1836 309 1883 Dictu
320 1853 385 1899 quam
396 1838 515 1886 refacilius
529 1842 564 1894 sit,
580 1842 725 1903 provinciam,
742 1842 834 1904 ingenio
880 1878 881 1885 ,

66 1954 74 1970 ⁴
163 1901 268 1954 ferocem,
282 1903 448 1957 rebellatricem,
465 1904 593 1952 confecisse.
630 1905 712 1952 Paucas
723 1907 832 1961 civitates,
880 1900 881 1926 ¹

165 1966 195 2011 ut'
210 1965 298 2025 quidem
317 1983 361 2029 ego
379 1967 451 2021 autlio,
472 1983 526 2028 quas
541 1971 615 2016 vicina
630 1971 728 2025 maxime
743 1971 834 2018 hiberna
879 2012 880 2029 ,

164 2031 299 2091 premebant,
311 2031 334 2077 in
341 2033 380 2093 jus
388 2032 537 2094 ditionemque
545 2042 655 2081 venerunt
660 2052 668 2091 ς
685 2035 833 2083 ulterioreoin
879 2030 880 2082 l

165 2096 232 2141 armis
244 2104 303 2141 sunt.
338 2095 398 2149 Quae
413 2112 464 2143 cum
479 2098 510 2144 ita
525 2100 576 2152 sint,
593 2114 637 2160 ego
650 2100 697 2161 jem
711 2100 765 2146 hinc
775 2116 834 2162 prae-
878 2120 879 2143 t

122 2220 127 2224 .
165 2160 221 2213 dico,
235 2158 314 2207 Patres
324 2162 450 2222 conscripti,
462 2178 499 2208 me
509 2164 607 2213 exercitu
618 2178 652 2214 eo,
669 2164 706 2223 qui
718 2178 780 2211 nunc
790 2173 832 2219 est,
878 2148 879 2238 l

164 2240 211 2271 rem
219 2225 327 2287 publicam
334 2226 548 2285 administraturum
558 2229 575 2273 si
582 2227 676 2274 deducat
683 2242 759 2274 secum
767 2228 834 2276 Flac-

165 2304 205 2335 cus
212 2290 319 2352 legiones,
330 2292 380 2337 locu
389 2298 467 2351 pacata
477 2306 513 2337 me
524 2291 551 2338 ad
562 2292 701 2339 hibernacula
712 2294 831 2348 lecturum,

163 2367 329 2464 ηηὲῗῗννιιῐω
340 2354 432 2464 militem
441 2354 578 2465 fpdrocissimo
587 2356 645 2433 hosti
654 2356 821 2418 objecturum.’'

313 2452 319 2463 .
412 2434 439 2465 us
558 2434 593 2467 uae
607 2434 630 2465 1n
707 2429 746 2467 atu
876 2454 877 2457 =

163 2482 282 2541 respondit,
301 2491 317 2513 ‘⁴
326 2418 408 2543 ffi
419 2498 449 2537 se,
465 2427 763 2546 nesseqqnemqffinm
774 2428 831 2533 ‘effi
876 2460 877 2550 l

163 2556 217 2589 nare
224 2559 295 2604 posse,
304 2549 358 2609 qaid
365 2548 389 2593 in
396 2548 471 2595 auimo
481 2547 585 2596 Celtiberi
593 2550 704 2604 haberent,
716 2559 756 2597 eut
763 2566 830 2613 porro
875 2562 876 2605 g

162 2606 256 2682 babituri
266 2620 346 2658 essem.
383 2610 462 2671 Itaque
472 2626 554 2675 negare
569 2628 614 2660 non
625 2628 697 2675 posse,
714 2616 771 2675 quin
783 2630 831 2663 reo-
874 2608 876 2706 l

148 2677 207 2717 *2¹⁰⁸
217 2679 252 2725 ⁸¹12
269 2675 335 2722 etim
346 2676 374 2722 orl
383 2682 478 2737 pecator
484 2678 594 2733 barbaros,
611 2678 709 2725 nondum
725 2682 782 2727 satia
794 2694 830 2728 as·

783 2850 786 2857 “
871 2866 874 2916 l
