1792 2950
128 143 159 192 1'o
224 143 355 194 T.L1v11
371 144 424 192 Ln-
438 139 564 204 XXXIX.
584 140 642 194 Car.
659 140 696 190 16.
781 217 783 220 Ι

128 271 248 333 Equidem,
265 289 307 321 nec
321 274 373 333 quid
387 280 480 325 taceam,
498 268 658 332 necqudtenus
668 271 792 334 proloquar,

128 337 232 384 invenio:
252 339 271 383 si
281 337 363 396 aliquid
373 337 508 398 ignorabitis,
526 352 555 383 ne
565 337 638 382 locum
649 333 796 397 negligentia

127 400 192 459 dem;
206 403 224 448 si
232 401 434 454 omnianudavero,
447 416 476 447 ue
484 402 576 446 nimium
585 401 675 446 terroris
683 399 794 446 offundam

127 466 197 518 vobis,
215 480 300 511 vereor.
336 465 452 526 Quidquid
468 466 551 518 dixero,
572 465 652 517 minus,
671 477 737 525 quam
752 474 793 524 pro

128 529 244 575 atrocitate
254 537 278 575 et
287 530 442 590 magnitudine
452 531 490 582 rei,
506 529 588 575 dictum
600 529 678 574 scitote
689 542 750 574 esse:
770 531 796 570 ut

129 592 157 638 od
172 593 296 639 cavendum
313 594 366 640 satis
381 596 416 647 sit,
434 595 521 640 dabitur
532 608 598 655 opera
608 609 621 640 a
632 593 702 639 nobis.
737 590 797 638 Bac-

128 656 228 703 cbaualia
239 656 288 704 totis
297 660 346 720 jam
360 659 445 720 pridem
458 657 530 712 italie
548 666 571 704 et
585 671 644 704 nunc
658 673 697 718 per
710 655 797 702 Urbem

127 721 194 784 etiarn
203 723 279 768 multis
288 723 344 768 locis
355 739 411 777 esse,
424 738 469 769 uon
477 721 537 769 ferni
547 723 613 768 modo
624 723 735 782 accepisse
745 733 796 771 vos,

128 785 167 832 sed
177 787 295 848 crepitibus
305 788 373 834 etism
387 788 549 848 ululatibusque
560 787 682 838 nocturnis,
698 785 736 846 qui
746 799 798 845 per-

128 857 210 896 sonant
225 850 273 896 totri
285 851 354 905 Urbe,
373 860 459 898 certum
474 853 558 907 habe03
576 860 689 902 caeterurn,
705 863 756 910 quse
770 861 799 893 ea

128 929 164 959 ret
175 915 212 967 tii,
223 915 340 977 ignorare:
358 916 413 962 alios
421 917 524 963 Deorum
536 917 630 976 aliquem
639 915 730 966 cultum,
742 911 800 959 alios

125 993 259 1026 eoncessum
269 981 347 1027 ludum
358 990 382 1027 et
391 982 504 1028 lasciviam
514 997 562 1026 esse
571 979 666 1031 credere,
679 985 709 1032 et,
721 976 800 1038 quale·

93 1048 97 1056 ’
128 1057 224 1102 fflmque
238 1045 274 1097 Sit,
292 1045 320 1090 ad
332 1047 541 1107 paucospertinere.
579 1044 648 1098 Quod
659 1043 686 1090 ud
697 1041 799 1088 multitu·
884 1095 887 1108 ⁴

127 1106 202 1153 dinem
213 1123 291 1154 eorum
302 1111 388 1163 attinet,
405 1111 511 1156 sidixero
522 1111 592 1157 multa
603 1107 799 1154 millia‘hominum

128 1182 184 1224 esse,
199 1173 260 1219 illico
269 1188 361 1220 necesse
371 1182 413 1226 est,
427 1174 597 1229 exterreamini;
615 1173 656 1218 nisi
668 1173 800 1234 adjunxero,

129 1236 166 1294 qui
176 1237 295 1298 qualesque
306 1239 357 1284 sint.
393 1238 495 1284 Primum
505 1238 575 1300 igitur
585 1237 702 1284 mulierum
714 1249 801 1296 magns

128 1315 179 1360 puts
189 1308 238 1358 est;
256 1310 279 1348 et
292 1303 312 1348 is
325 1301 377 1348 fons
391 1303 443 1349 meli
459 1303 550 1365 hujusce
564 1302 618 1348 fuit:
639 1301 717 1347 deinde
728 1299 801 1346 simil-

124 1364 175 1414 timi
185 1364 274 1413 seminis
284 1381 363 1420 mares,
377 1367 470 1430 stuprati
479 1373 502 1414 et
510 1374 696 1428 constupratores,
708 1363 801 1412 fanatici

129 1425 244 1497 [vigilm]
263 1433 324 1488 vino,
341 1432 475 1495 strepitibus,
493 1432 667 1492 clamoribusque
683 1428 801 1477 nocturnis

128 1496 224 1542 attoniti.
259 1497 341 1543 Nullas
352 1498 423 1544 adhuc
433 1499 493 1545 vires
504 1498 635 1559 conjuratio,
648 1494 802 1542 coeterumin-

129 1569 268 1620 crementum
278 1562 359 1623 ingens
369 1562 450 1607 virium
461 1563 533 1613 habet,
552 1561 611 1621 quod
625 1562 649 1605 in
664 1560 710 1606 dies
725 1559 807 1620 plures*

128 1622 193 1669 dunt
228 1624 329 1684 Majores
339 1626 415 1677 vestri,
433 1640 513 1671 nevos
525 1625 622 1683 quidem,
636 1625 679 1670 nisi
690 1638 741 1670 cum
753 1630 801 1677 aut,

128 1687 211 1732 vexillo
229 1687 253 1731 in
272 1702 323 1733 arce
341 1689 422 1747 posite
443 1688 584 1733 comitiorum
604 1688 670 1733 causi
689 1688 803 1735 exercitus
886 1702 887 1709 ¹

87 1758 93 1767 ⁸
129 1749 222 1795 eductus
237 1757 302 1803 esset,
320 1758 360 1797 aut
373 1745 432 1811 plebi
446 1752 565 1798 concilium
577 1752 658 1798 tribuni
670 1752 802 1806 edixissent,

129 1820 168 1859 aut
184 1814 262 1875 aliquis
278 1828 307 1859 ex
321 1816 487 1876 magistratibus
502 1816 530 1862 ad
545 1817 675 1864 concionem
690 1814 803 1872 vecisset,

129 1876 188 1924 tbrte
195 1885 279 1924 temere
290 1879 350 1925 coire
359 1880 487 1926 voluerunt:
502 1889 531 1934 et,
542 1881 674 1941 ubicumque
682 1881 803 1928 multitudo
886 1922 887 1929 ,

130 1949 196 1995 esset,
213 1942 243 1988 ibi
258 1949 282 1988 et
295 1942 422 2004 legitimum
437 1952 546 1991 rectorem
562 1946 709 1992 multitudinis
724 1944 804 1992 cense-

130 2006 184 2052 bant
198 2006 277 2053 debere
291 2022 347 2053 esse.
384 2008 469 2062 Quales
480 2010 576 2071 primum
588 2018 708 2057 nocturnos
719 2017 801 2063 coetus,
875 2040 880 2049 ι

130 2070 210 2119 deiude
225 2071 364 2133 promiscuos
380 2074 498 2120 mulierum
515 2090 544 2121 ao
557 2076 662 2128 virorum,
683 2090 732 2121 esse
751 2088 802 2121 cre-

130 2134 199 2182 ditis?
227 2136 259 2189 Si,
276 2137 356 2197 quibus
372 2139 474 2185 aetatibus
488 2140 604 2186 initientur
619 2154 698 2191 mares,
717 2139 801 2192 sciatis,

131 2214 178 2246 non
196 2202 300 2248 misereat
318 2217 359 2248 vos
375 2218 454 2249 eorum
472 2205 551 2258 solum,
573 2204 694 2249 sedetiam
710 2202 800 2263 pudeat.

132 2262 187 2311 Hoc
204 2274 342 2313 sacramento
361 2268 459 2315 initiatos
474 2270 570 2331 juvenes
590 2266 671 2314 milites
689 2266 804 2315 faciendos
818 2290 823 2298 ¹

132 2331 235 2383 ceneris,
254 2331 372 2385 Quirites?
383 2329 424 2378 *iis
440 2346 469 2378 ex
485 2335 591 2379 obscoeno
608 2332 702 2378 sacrario
717 2331 804 2378 eductis

132 2402 194 2438 erma
204 2396 380 2443 committenda?
400 2398 430 2450 hi,
446 2398 545 2459 cooperti
561 2397 643 2456 stupris
659 2398 704 2441 suis
715 2396 804 2442 alienis·
863 2392 866 2397 ’

131 2470 183 2516 que,
198 2472 240 2517 pro
250 2459 356 2517 pudicitie
365 2463 488 2524 conjugum
503 2476 529 2508 ac
543 2460 662 2507 liberorum
677 2467 805 2507 vestrorum

132 2520 192 2567 ferro
203 2520 341 2569 decernent?

162 2583 234 2630 xvl.
252 2585 355 2633 “Minus
362 2594 513 2642 tamenesset,
526 2586 802 2651 siiiagitiistantumeffe·

128 2648 206 2698 minsti
221 2647 302 2706 forent,
319 2651 430 2713 (ipsorum
446 2652 470 2697 id
484 2650 569 2715 magni
582 2667 613 2701 ex
626 2660 689 2716 perte
702 2652 801 2701 dedecus
