1792 2950
195 159 225 208 Τ,
238 159 326 210 len
342 157 394 208 Bru.
407 160 463 208 XL
481 160 542 209 cn.
557 163 595 208 47:
679 165 724 209 10⁵

62 254 218 336 concilietibne
234 290 313 350 gratiae
327 291 432 352 conjungi
447 306 461 336 a
474 292 537 336 nobis
551 289 635 336 sinatis.
671 287 725 334 Uno

62 356 143 408 auimo,
162 369 209 400 uno
219 354 319 406 consilio,
336 354 414 416 legatis
424 361 532 407 senatum
549 354 635 414 equites
650 367 726 397 recen-

61 419 135 471 seatis,
148 419 221 479 agatis
228 433 327 470 censum,
339 418 433 464 lustrum
444 419 555 464 condatisz
574 418 634 477 quod
643 418 667 461 in
678 431 726 461 orn-

60 483 127 528 uibus
138 482 186 528 lere
199 483 361 543 precationibus
374 483 527 544 nuncupabitis
540 483 619 535 verbis,
638 480 690 526 ‘Ut
699 495 727 526 ea

61 563 98 592 res
109 548 165 592 mibi
174 547 373 608 collegasque-meo
383 548 439 592 bene
449 555 472 592 et
480 546 573 592 feliciter
582 544 686 597 eveniat’
703 545 726 590 id

60 612 93 657 ita
102 619 128 657 ut
139 626 199 664 rere,
211 617 236 656 ut
247 625 276 656 ex
286 611 366 664 animo,
378 611 452 657 velitis
461 612 562 656 evenire:
570 609 725 669 efficiatisque,

59 682 95 728 ut,
113 675 174 734 quod
188 674 254 720 Deos
267 676 350 736 precati
363 675 430 728 eritis,
447 675 470 719 id
484 690 526 720 vos
539 675 597 720 velle
609 674 674 720 etiam
686 675 727 718 bo-

59 739 137 784 miues
153 738 275 785 credamus.
308 738 339 785 T.
352 738 431 784 Tatius
447 745 471 784 et
487 738 605 791 Romulus,
622 739 646 782 in
664 738 728 799 cujus

60 803 125 850 urhis
140 803 213 849 medio
226 803 276 849 foro
293 803 340 850 scie
356 804 432 849 hostes
448 809 611 855 concurrerant,
627 803 657 847 rbi
673 817 727 848 con·

59 867 145 914 corcles
159 865 286 927 reguiruut.
321 865 376 912 Non
389 867 457 913 modo
473 867 602 919 simultates,
619 866 658 911 secl
671 866 728 911 bella

60 945 158 990 quoque
170 929 288 976 liniuntur:
307 945 336 976 ex
348 930 434 976 infestis
443 932 543 977 hostibus
552 926 680 992 plerumque
691 945 728 976 so·

61 995 95 1040 cii
104 993 186 1048 fidelis,
197 995 307 1041 interdum
317 995 383 1040 etiam
394 995 454 1041 cives
464 995 527 1041 liunt
556 995 644 1046 Albani,
656 991 729 1039 diruti

62 1056 134 1111 Albi,
151 1057 248 1106 Romam
258 1059 353 1104 traducti
363 1066 427 1104 suut:
447 1057 529 1111 Latini,
548 1059 629 1111 Sabini,
641 1060 665 1103 in
675 1057 729 1103 civi-

62 1129 135 1169 tatem
149 1123 243 1184 accepti.
277 1121 401 1183 Vulgaturn
411 1123 473 1176 illud,
489 1123 541 1182 quia
550 1137 628 1168 verum
638 1129 693 1174 erat,
705 1122 728 1166 iu

62 1187 208 1249 proverbium
222 1187 297 1232 venit:
316 1186 433 1232 Amicitias
447 1186 590 1239 immortales,
605 1186 729 1230 inimicitias

60 1251 173 1298 mortales
182 1251 261 1298 debere
271 1249 347 1296 esae.'’
371 1248 484 1296 Fremitus
494 1256 557 1295 ortus
567 1265 618 1294 cum
629 1263 728 1300 assensu,

61 1315 146 1362 cleiude
160 1315 313 1361 universorum
328 1329 395 1360 voces
408 1315 468 1359 idem
484 1314 613 1372 petentium,
630 1311 729 1357 confusas

63 1381 91 1425 in
107 1394 187 1432 uuum,
205 1379 326 1427 orationem
342 1375 519 1438 iuterpdbiruut.
553 1375 610 1421 lude
626 1375 732 1421 AEmilius

62 1450 161 1505 questus
171 1458 224 1491 curn
237 1442 286 1497 alia,
303 1437 351 1491 ium
364 1442 399 1487 bis
407 1457 423 1487 a
433 1440 470 1487 Μ.
481 1438 562 1487 Fulvio
572 1453 597 1485 se
605 1446 668 1487 certo
677 1453 732 1485 con·

65 1508 145 1555 sulatu
156 1508 276 1569 dejectrun:
291 1506 384 1553 Fulvius
395 1505 553 1564 contorqueri,
564 1519 589 1551 se
597 1505 625 1550 ob
635 1520 663 1549 oo
673 1518 732 1549 seru-

66 1588 111 1634 per
121 1572 253 1625 heersiturm
270 1571 326 1617 etin
337 1572 441 1631 probrum
457 1585 522 1616 suum
536 1569 676 1630 sponsionem
687 1566 733 1613 luc·

64 1644 131 1683 tarn:
150 1642 224 1683 tamen
239 1636 303 1683 ambo
320 1632 453 1697 siguificare,
470 1634 490 1679 sl
505 1634 560 1700 ultor
576 1633 650 1684 vellet,
668 1648 692 1679 se
709 1633 732 1677 in

65 1707 180 1763 potestate
196 1706 231 1746 tot
246 1700 369 1761 principum
384 1699 480 1745 civitatis
494 1697 589 1744 ficturos.
623 1697 733 1745 Omnibus
765 1694 768 1699 ’

67 1764 210 1817 instantibus,
227 1764 265 1823 qui
282 1764 380 1816 aderant,
397 1763 499 1809 dexteras
516 1762 627 1822 iidemque
644 1758 730 1815 dedere.

68 1829 161 1877 mittere
171 1843 223 1874 vere
232 1843 258 1874 sc
267 1826 333 1873 finire
341 1828 423 1874 odium.
452 1826 551 1881 Deinde,
561 1827 734 1873 collaudantibus

69 1892 168 1945 cunctis,
184 1892 270 1939 deducti
284 1898 336 1937 sunt
349 1892 373 1937 in
385 1890 527 1953 Capitolium.
561 1892 595 1939 Et
605 1908 658 1938 cura
667 1906 733 1951 super

67 1957 111 2007 rui
123 1971 148 2001 re
157 1954 285 2019 principum,
297 1963 320 2003 et
330 1954 421 2003 facilitas
431 1971 556 2009 censorum»,
571 1957 662 2017 egregie
671 1970 734 2000 com·

69 2021 164 2083 probata
174 2020 201 2066 ab
210 2028 288 2067 senatu
302 2027 325 2066 et
338 2020 425 2067 lautus
434 2028 476 2068 est.
511 2019 646 2067 Ceusonbus
656 2018 735 2065 deiude

70 2085 240 2147 pomrrlautibus,
258 2092 283 2131 ut
296 2084 398 2145 pecuniae
410 2100 497 2131 sumum
510 2084 558 2137 sibi,
575 2082 619 2142 qul
632 2083 656 2127 iu
668 2094 735 2141 opere

69 2149 160 2211 publicu
170 2155 292 2202 uterentur,
309 2149 469 2200 attribueretur,
486 2147 584 2211 vectigal
590 2144 735 2192 aunuumile-

70 2221 161 2265 metum
170 2220 212 2261 est.

106 2276 215 2325 XLVII·
234 2275 322 2325 Eodem
338 2290 397 2323 auno
407 2275 432 2320 iu
442 2271 553 2335 Hispauii
564 2272 592 2318 1.
606 2271 736 2318 Postruuius

49 2390 51 2395 .
72 2350 98 2393 el
106 2340 144 2389 Ta
159 2341 303 2401 Sempronius
313 2346 461 2402 propraetores
467 2343 650 2397 comparaverunt
662 2336 693 2379 its
702 2334 737 2380 in-

70 2414 152 2459 serre,
165 2399 736 2465 utiuvaceaeosperuusanumuasuinmin
855 2410 859 2417 ·

75 2468 219 2519 Celtibffitm
226 2468 278 2521 'tude
285 2474 457 2523 reverteretur
465 2465 588 2517 Gracchus,
600 2464 619 2509 si
629 2464 701 2524 mojus
707 2463 736 2509 ibi
818 2511 824 2525 7,

75 2528 159 2585 bellum
170 2532 268 2587 oscetin
279 2532 357 2579 ultima
367 2528 493 2578 Celtiberiae
502 2535 632 2589 penetraret
667 2526 738 2575 Mun·

75 2598 129 2651 rlam
140 2597 216 2644 urbem
227 2597 355 2658 primumn
366 2595 431 2656 cepit,
447 2600 514 2639 nocte
523 2606 553 2639 ex
565 2592 684 2654 improviso
699 2606 739 2651 ag·

75 2676 177 2725 murus
213 2660 320 2723 Acceptis
326 2659 406 2710 deinde
415 2657 534 2725 obsidibus,
544 2656 689 2720 prociditque
697 2655 751 2730 ³¹¹¹&
