1792 2950
155 144 183 192 τ.
197 142 287 192 mvn
304 117 497 192 nunnius
516 139 577 192 err.
591 146 615 189 s
676 149 721 192 ‚o

52 274 113 320 lsmle
125 281 249 338 sppnreret,
267 275 291 320 in
305 274 384 322 ducem
398 274 552 334 indulgentem
568 271 722 319 ambitiomm-

53 354 93 398 que
105 353 132 386 en
147 339 207 396 dici;
224 339 360 400 triumphum
377 353 426 385 esse
442 339 531 384 militari
546 337 620 400 msgis
635 335 721 389 furore,

53 419 114 462 quum
132 403 244 466 populari,
268 404 384 449 celebrem.
426 403 472 449 Sed
491 403 519 448 nd
536 401 612 463 populi
634 414 724 460 quoque

52 468 144 528 grstism
157 467 317 514 conciliandum
328 467 392 514 srnici
404 467 485 513 Manlii
499 467 631 522 rsluemnt3
643 465 724 525 quibus

52 532 202 578 annitentibus
217 531 445 577 senatus-consultum
459 531 543 577 lectum
554 539 596 584 est,
615 527 678 575 “Ut
692 542 723 575 ex

52 594 145 657 meursii
158 610 211 657 quae
221 597 244 641 in
260 596 372 657 triumpho
388 597 495 642 trunslsts
505 603 571 648 esset,
589 594 722 655 stipendium

52 661 156 706 eollstnm
174 674 187 706 a
204 660 288 721 populo
305 661 328 706 in
345 661 465 721 publicum,
482 659 541 720 quod
557 660 606 720 ejus
624 659 725 704 solutum

51 732 115 770 untes
126 739 173 770 non
184 732 252 777 esset,
270 723 419 770 solveretur.'’
453 724 552 770 Vicenos
563 724 643 783 qulnos
652 730 676 768 et
687 737 724 768 se-

51 789 129 836 misses
144 790 169 835 in
187 789 255 834 millis
274 789 324 835 seris
341 796 464 849 quaestores
479 789 557 834 urbnni
574 803 626 833 cum
641 787 686 832 lide
700 794 724 833 et

51 851 104 899 curi
120 854 244 900 solverunt.
274 847 325 899 'Per
342 854 400 898 idem
419 861 507 914 tempus
526 853 607 898 tribuni
625 851 721 897 militmn

51 918 96 964 duo
110 933 140 964 ex
149 917 235 964 dusbus
247 916 363 978 Hispaniis
377 932 428 962 cum
440 917 511 962 literis
523 914 551 964 C.
565 917 637 962 Atinii
651 923 675 961 et
690 914 719 961 1.
738 915 748 936 ⁶

51 981 140 1034 Manlii,
152 983 190 1043 qui
199 996 237 1028 ess
247 983 373 1042 provincius
384 982 519 1033 obtinebunt,
530 987 647 1026 venerunt.
682 979 723 1026 Ex

10 1097 14 1105 Ι
50 1046 77 1091 iis
93 1047 164 1093 ilteris
181 1047 298 1107 cognitum
315 1054 356 1100 est,
375 1043 500 1092 Celtiberos
517 1045 682 1104 Lusitanosque
698 1045 723 1089 in

50 1112 118 1157 armis
132 1126 189 1164 esse,
208 1119 232 1156 et
249 1110 360 1156 sociorum
377 1125 444 1170 egros
461 1110 568 1171 populari.
603 1108 643 1155 De
657 1107 684 1154 ed
698 1123 724 1155 re

51 1177 238 1222 constitutionem
259 1175 370 1235 integram
393 1181 483 1220 senatus
506 1173 535 1220 nd
556 1189 628 1220 novos
651 1173 723 1234 megi-

51 1247 133 1287 strstus
153 1240 237 1302 rejecit
274 1235 345 1285 Ludis
362 1237 473 1285 Romanis
491 1254 518 1284 eo
537 1237 603 1290 nuno,
624 1253 680 1297 quos
691 1236 719 1282 P.

51 1302 171 1352 Co'rneIIus
192 1302 317 1364 Cethegus,
341 1303 371 1350 A.
390 1301 520 1348 Postumius
539 1302 636 1348 Albinus
653 1301 724 1347 incie-

49 1370 109 1424 bont,
126 1369 201 1416 nulus
215 1368 238 1413 in
251 1365 318 1415 Circo
335 1368 443 1414 instabilis
459 1367 483 1411 in
500 1367 590 1426 signum
605 1364 724 1410 Pollentiss

49 1433 152 1496 procidit,
169 1440 235 1493 atque
245 1432 268 1478 id
278 1432 364 1495 dejecit.
400 1429 437 1478 Ei
448 1430 557 1491 religione
566 1429 623 1473 moti
634 1427 722 1481 Patres,

49 1506 73 1545 et
91 1498 150 1544 diern
168 1512 237 1543 unum
254 1497 401 1559 adjiciendum
415 1495 519 1541 ludorum
534 1492 655 1539 celebritati
670 1506 723 1538 cen-

48 1568 152 1614 suerunt,
171 1569 193 1608 et
208 1562 270 1623 signs
284 1562 328 1609 duo
359 1577 384 1607 ro
395 1573 441 1606 uno
452 1557 585 1620 reponenda,
603 1564 722 1603 anorum

47 1634 153 1674 nursmm
168 1617 298 1673 iaciendum.
357 1634 367 1670 t
384 1624 462 1686 plebeii
476 1623 522 1669 ludi
536 1623 563 1668 ab
574 1621 674 1669 sedilibus
689 1619 719 1670 C.

48 1691 184 1754 Sempronio
201 1690 278 1738 Blaeso
295 1698 318 1737 et
337 1690 373 1737 M.
392 1688 462 1735 Furio
478 1688 555 1734 Lusco
573 1688 637 1734 dlem·
650 1701 722 1734 unum

48 1757 167 1803 instnursti
179 1763 238 1802 sunt.

80 1819 156 1866 VIII.
176 1819 300 1881 Insequens
315 1834 386 1865 snnus
402 1820 441 1881 Sp.
456 1818 598 1865 Postumium
613 1818 721 1864 Albinum

47 1893 71 1931 et
83 1884 117 1939 Q,
131 1884 244 1931 Marcium
257 1883 384 1945 Philippum
402 1884 505 1929 consules
519 1884 547 1929 sb
560 1884 661 1929 exercitu
674 1881 723 1927 bel·

47 1950 167 2009 lorumqne
181 1956 204 1995 et
218 1949 382 2009 provinciarum
394 1947 447 1994 curi
457 1947 486 1993 sd
495 1947 607 1993 intestinae
618 1947 723 2007 conjure-

48 2015 116 2061 tinnIs
128 2014 250 2060 vindictam
261 2014 347 2059 avertit.
384 2011 497 2058 Praetores
510 2012 635 2072 provincius
650 2010 723 2056 sortiti

48 2086 108 2133 sunt,
133 2077 163 2124 Τ.
185 2078 286 2125 Maenius
305 2078 416 2130 urbanam,
435 2075 472 2121 Μ.
492 2074 594 2122 Licinius
612 2072 724 2121 Lucullus

49 2144 106 2189 inter
121 2144 184 2189 cives
198 2152 221 2189 et
237 2142 373 2203 peregrinos,
393 2139 421 2189 C.
435 2139 541 2187 Aurelius
557 2140 654 2186 Scsmus
670 2138 724 2183 nor-

49 2208 139 2260 dinism,
165 2206 193 2253 P.
214 2204 333 2253 Cornelius
353 2205 415 2253 Snlls
434 2205 538 2257 Siciliam,
562 2201 591 2248 L
614 2200 723 2254 erintius

49 2270 169 2333 Crispinus
181 2270 315 2331 Hispaniam
327 2270 459 2322 citeriorem,
477 2268 506 2317 C.
521 2265 656 2326 Calpurnius
667 2261 723 2309 Piso
777 2278 782 2286 ·

48 2334 185 2397 Hispaniam
196 2334 330 2381 ulteriorem.
362 2332 499 2381 Consulibus
510 2330 616 2377 ambobus
626 2328 722 2389 questio

47 2400 75 2445 de
86 2399 230 2447 clandestinis
244 2399 432 2460 conjurationibus
446 2398 537 2443 decretu
545 2401 588 2440 est.
624 2392 722 2440 Grecos

46 2462 151 2525 ignobffis
168 2464 193 2509 in
207 2462 322 2510 Etrurbrm
337 2464 434 2524 primum
450 2460 512 2506 venit
529 2455 591 2505 nun
608 2472 659 2505 cum
674 2464 722 2504 erte

46 2542 131 2581 earum,
149 2543 205 2589 ques
220 2528 302 2575 multas
316 2527 344 2575 sd
358 2527 483 2573 animorum
498 2538 662 2584 corporumque
672 2522 721 2569 cul·

45 2600 97 2637 tum
107 2593 170 2639 nobis
181 2590 329 2639 eruditissima
339 2592 440 2638 omnium
454 2604 513 2651 gens
525 2588 617 2642 invexit,
636 2584 721 2634 sucrifi-

43 2656 109 2705 colos
120 2664 232 2715 etmtes3
250 2671 291 2705 nec
301 2657 328 2711 is,
340 2656 378 2717 qui
389 2653 466 2717 aperti
476 2652 593 2716 religione,
604 2650 719 2715 propulsm
