1792 2950
159 169 206 214 ms
293 166 322 214 Τ.
333 165 424 214 -L1vn
440 166 492 214 Lm
502 163 584 214 XLI:
595 157 653 216 cai.
668 167 690 212 4.

189 293 238 342 lli.
257 294 403 356 Nequiquam
414 296 491 342 eadem
503 303 541 343 est
557 304 604 343 tum
622 295 653 342 rei
669 293 741 341 sonna
758 293 818 356 apud

158 360 288 407 Romanos:
302 357 367 412 terri,
375 360 430 405 mari
438 360 572 421 trepidatum
588 359 670 406 nautici
680 359 821 405 tabernacula

157 424 285 477 detendunt,
293 431 486 484 commeatumque
492 426 515 470 in
520 423 744 486 litoreexpositurnin
751 437 821 468 naves

158 489 259 550 ηρίιιιιῑε
277 487 359 534 milites
377 487 401 532 ia
417 489 509 549 scaphas
526 495 549 535 et
566 503 627 535 mare
643 487 714 534 territi
733 494 817 533 munt:

158 559 240 604 nautae,
253 557 314 597 metu
328 566 357 599 ne
371 553 524 613 compleantur
537 553 633 614 navigia,
648 552 684 598 alii
697 553 770 600 turbe
781 552 821 597 ob-

159 617 246 669 sistunt,
259 615 295 661 alii
307 616 334 662 ab
344 617 409 662 litore
419 631 489 664 naves
505 619 528 662 in
540 619 609 664 altum
620 617 749 678 expellunt:
769 615 822 661 inde

158 687 276 732 certamen,
288 695 343 726 mox
350 682 416 726 etiam
427 696 510 743 pugna,
523 695 574 728 cum
584 681 712 728 vulnen'bus
722 687 746 726 et
757 679 821 726 caede

157 744 252 790 invicem
270 745 364 791 militum
381 752 549 806 nautarumque,
570 746 647 799 orion,
667 745 738 791 donec
753 743 820 805 jussu

110 852 113 857 .
158 808 256 854 consulis
265 809 342 870 procul
350 807 429 855 aterni
437 810 514 856 classis
523 812 623 858 submota
631 816 671 856 est
697 809 820 868 secernere

156 872 209 918 inde
218 872 314 919 inermes
322 875 350 919 ab
359 874 449 920 omaus
458 875 531 936 coepit.
567 873 614 920 Vix
622 873 682 919 mille
692 872 784 919 ducenti
793 885 822 918 ex

158 933 219 983 tanti
225 937 372 990 multitudine,
382 938 419 997 qui
425 953 487 984 arma
494 939 607 992 haberent,
615 938 717 1000 perpauci
726 935 821 996 equites,

157 1001 195 1062 qui
203 1015 273 1060 equos
283 1016 358 1047 secum
366 1001 502 1056 eduxissent,
514 1003 599 1049 inventi
607 1009 658 1048 sunt
667 1019 672 1047 :
691 1007 774 1047 caetera
784 999 823 1046 de-

158 1064 237 1110 fonnis
247 1066 317 1118 turba,
330 1066 392 1112 velut
400 1066 496 1112 lixarum
510 1067 663 1127 calonumque,
678 1065 755 1127 praeda
770 1079 824 1110 reae

157 1128 239 1182 futura,
257 1129 339 1176 sibelli
357 1132 434 1176 hostes
452 1132 611 1178 meminissent.
647 1129 713 1176 Tunc
730 1129 821 1175 denamn

158 1193 251 1240 nundus
260 1194 288 1240 ad
298 1195 386 1241 tertiam
401 1196 513 1256 legionen
530 1195 683 1258 revocandam,
701 1201 726 1240 et
742 1193 825 1240 Gallo·

158 1271 208 1304 rum
221 1258 363 1320 presidium:
382 1266 407 1304 et
417 1259 483 1306 nmis]
493 1274 523 1306 ex
533 1259 635 1306 omnibus
644 1258 700 1305 locis
710 1257 739 1304 ad
748 1263 824 1303 casua

158 1323 283 1384 recipienda
296 1323 471 1384 demendamque
483 1323 628 1386 ignominiam
645 1322 709 1370 redin’
721 1329 822 1384 eoeptum

159 1394 201 1434 est.
234 1386 329 1434 Tribuni
339 1389 434 1434 militum
445 1389 518 1434 tertiae
527 1388 623 1450 legionis
632 1387 736 1449 pabulum
748 1386 824 1448 ligna-

158 1452 414 1515 queprojieerejubept:
433 1451 597 1500 centurionibus
607 1453 723 1515 imperant,
732 1457 759 1497 ut
769 1464 824 1513 gru·
883 1488 884 1491 ,

158 1518 232 1563 viores
243 1524 309 1564 aetate
322 1518 404 1564 milites
416 1518 481 1564 binos
493 1518 516 1565 in
531 1532 558 1564 aa
567 1519 677 1581 lumenta,
693 1530 723 1562 ex
741 1516 824 1577 qtubtm

158 1582 321 1643 onera'deJecta
331 1587 400 1634 erant,
412 1582 543 1643 imponant;
559 1582 644 1642 equites
656 1587 682 1626 ut
695 1580 798 1642 singulos
808 1594 823 1626 e
883 1626 884 1633 ,

154 1645 274 1707 juvenum
281 1644 366 1704 pedites
374 1660 450 1691 secum
458 1646 482 1690 in
488 1660 558 1705 equos
564 1646 650 1691 tollant.
672 1651 688 1674 ⁴⁴
694 1644 821 1707 Egregium

158 1708 253 1769 gloriam
266 1708 362 1767 legionis
376 1706 433 1761 fore,
445 1709 465 1754 si
475 1717 554 1763 castra,
571 1716 631 1755 metu
642 1708 821 1755 secundanorum

158 1768 392 1823 amissasuivirtute
406 1772 526 1833 recipiant:
546 1772 825 1835 etrecipiiacileoesesi

157 1836 182 1881 in
191 1830 267 1895 predi
276 1836 377 1895 occupati
386 1834 472 1882 barbari
489 1838 562 1884 subito
579 1839 743 1899 opprimantur:
764 1837 825 1883 sien

158 1897 264 1959 morinis
275 1911 342 1958 potae
351 1898 426 1960 oepi·”
455 1900 548 1948 Summi
555 1902 650 1948 militum
660 1902 774 1948 alacrltme
784 1902 825 1947 ad-

157 1960 334 2009 hortatiousdita
341 1970 383 2009 eat.
407 1962 494 2010 Ferunt
502 1966 562 2012 citati
571 1966 641 2029 signa,
653 1976 695 2012 nec
703 1964 824 2027 igniferos

158 2026 238 2073 minati
255 2034 384 2073 moranturs
402 2029 488 2090 priores
506 2036 581 2076 tamen
598 2030 676 2077 consul
697 2030 822 2091 copiaeque,

158 2106 210 2153 qum
219 2105 233 2137 a
243 2091 299 2137 mati
310 2091 477 2147 reducebantur,
489 2092 517 2140 ad
525 2094 607 2140 vallum
615 2100 764 2141 uccmmrunt.
790 2093 820 2139 L.

157 2155 234 2209 Atius,
246 2156 347 2202 tribunus
356 2158 441 2217 primus
452 2158 555 2204 secundae
566 2158 667 2220 legionis,
686 2170 732 2203 non
745 2158 824 2205 horta-

157 2222 223 2267 batur
233 2220 300 2267 modo
310 2220 397 2276 milites,
410 2221 450 2267 sed
461 2222 552 2269 docebat
565 2222 638 2273 etiam,
658 2227 674 2251 ¹⁴
685 2220 711 2267 si
725 2221 823 2268 victores

158 2284 219 2339 Istri,
231 2285 310 2346 quibus
320 2286 387 2332 annis
401 2287 511 2347 cepissent
521 2292 600 2339 castra,
612 2285 689 2331 iisdem
706 2290 772 2346 capta
787 2300 824 2331 re-

158 2349 230 2396 tinere
237 2351 260 2396 in
267 2350 342 2396 animo
350 2350 462 2404 baberent,
473 2351 569 2413 primum
578 2357 670 2397 exutum
681 2349 760 2396 castris
770 2351 825 2397 bos-

158 2420 204 2460 tem
222 2414 252 2460 ad
267 2428 329 2461 mare
345 2421 501 2475 pmmuturos
518 2414 594 2467 idme,
612 2414 692 2460 deiude
714 2414 824 2461 stationes

158 2484 220 2523 uerte
229 2492 270 2538 pro
279 2478 339 2524 vallo
349 2479 475 2526 baliusroa:
494 2479 548 2525 vino
565 2492 690 2539 somnoque
702 2479 824 2526 msimile

159 2554 408 2653 eufimiam
422 2606 585 2660 Baeculonium,
604 2582 821 2669 sigolfum-suum,

157 2672 218 2714 note
233 2664 368 2718 fortitudinia
378 2671 464 2729 virum,
469 2669 550 2717 iniens
560 2672 649 2747 sigrqum
657 2672 733 2735 jussit.
770 2672 820 2727 llle,
