1792 2950
260 181 417 232 ΕΡΙΤΟΜΕ
427 180 485 229 ‘Ln-
499 181 581 230 ux:
696 189 745 234 87³

78 290 213 364 ama,
232 310 392 372 urm
402 310 481 358 anau
493 307 759 365 amaseam-

3 373 4 378 ’
57 399 60 408 ¹
85 377 253 426 indeditionem
264 376 354 437 accepit.
380 374 413 429 Q.
426 375 744 436 Pompeiusue-Moenus,

85 453 140 492 tunc
150 442 245 504 primurn
256 448 348 500 uterque
358 440 458 501 explebe
466 439 520 486 facti
530 454 639 492 censores,
651 440 745 486 lustnrm

84 507 237 556 condiderunt.
268 494 342 552 Conso
352 511 404 550 sunt
415 505 496 550 civium
507 504 578 565 capite
587 511 686 550 trecenta
696 519 746 566 sep·

84 571 203 622 tetndecim
217 569 292 624 miliia,
310 567 437 630 octingenta
451 568 531 629 viginti
544 569 592 620 tris,
608 575 690 629 preter
703 585 746 630 pu-

83 638 150 700 pillos
169 641 192 681 et
210 633 294 680 viduas.
329 631 361 686 Q.
381 631 488 678 Metellus
506 647 586 681 censor
603 633 696 686 oeusuit,
720 640 746 680 ut

76 714 163 750 omnes
177 703 310 760 cogerentur
324 697 404 742 ducere
414 711 495 742 uxores
506 697 625 743 liheromm
639 697 746 744 meando-

83 781 135 814 rum
145 761 218 810 osusi.
247 761 330 808 Exstat
341 761 411 806 oratio
418 762 474 822 ejus,
485 775 552 820 quam
561 759 681 822 Augustus
692 759 745 808 (ἓω-

84 847 127 884 sar,
140 843 191 876 cum
202 827 230 873 de
239 824 366 872 maritandis
376 824 488 871 ordinibus
497 832 581 886 egeret,
593 826 654 872 velut
663 825 687 871 in
694 827 745 872 herc

83 903 185 956 tempora
199 891 309 952 scriptam,
326 889 349 934 in
366 895 443 936 senatu
462 889 570 936 rffltavit.
605 887 634 939 C,
652 888 745 937 Atinius

85 959 169 1010 Labeo,
186 956 286 1002 tribunus
304 953 380 1016 plebis,
401 952 432 1006 Q,
444 953 564 1000 Metellum
583 968 706 1008 censorem,
730 969 746 1002 e

83 1039 130 1086 quo
140 1023 164 1068 in
172 1027 250 1067 senatu
259 1018 354 1080 legendo
365 1017 490 1079 praeterims
500 1024 554 1070 erat,
571 1017 600 1063 de
610 1018 670 1064 Saxo
680 1018 745 1080 dejici

80 1087 162 1153 Jussitr
180 1083 240 1145 quod
255 1097 284 1130 ne
299 1082 369 1134 fieret,
386 1081 462 1126 caeteri
478 1080 559 1126 tnhuui
575 1081 645 1141 plebis
662 1083 744 1130 auxilio

81 1155 181 1201 fluerunt.
217 1146 277 1196 cum
295 1145 375 1198 Carbo,
393 1144 494 1190 tribunus
512 1143 588 1203 phebis,
606 1147 744 1204 rogationem

82 1217 179 1267 tulisset,
188 1220 213 1259 ut
223 1211 326 1259 eumdem
336 1209 447 1256 tribunum
460 1204 548 1269 [plebia
572 1208 658 1266 quoties
667 1209 742 1264 veliet,

83 1295 160 1330 creare
172 1278 262 1333 liceret3
279 1274 417 1336 rogationem
431 1273 480 1334 ejus
490 1270 518 1317 P.
572 1271 647 1317 'cauus
657 1273 745 1332 gravis·

83 1342 140 1394 simi
155 1341 255 1388 oratione
272 1337 375 1385 dissuant
380 1354 388 1394 3
409 1337 432 1382 in
452 1332 496 1395 qud
511 1334 576 1389 dixit,
598 1342 614 1364 “
629 1333 743 1382 'I'rherium

83 1407 213 1458 Gracchum
226 1406 278 1467 jure
296 1416 380 1448 caesurn
397 1397 494 1446 rideri.”
532 1399 648 1446 Gracchus
666 1407 744 1448 oontrs

81 1473 153 1523 euasit
171 1469 322 1533 rogationem:
342 1465 381 1513 sed
400 1463 475 1526 Scipio
493 1463 571 1510 tenuit.
605 1462 670 1510 Bella
685 1465 744 1513 inter

82 1536 220 1589 Antiochum
236 1532 315 1593 syriae,
332 1538 355 1577 et
370 1529 504 1591 ¹Phrahuteru
518 1528 652 1575 Parthorum
666 1544 743 1590 regem

82 1610 154 1667 gesta,
178 1614 226 1645 nee.
240 1596 312 1658 magis
331 1595 411 1656 quietae
430 1609 465 1639 res
483 1592 587 1654 AEgypti,
608 1591 741 1639 referunou.

81 1666 227 1716 Ptolemaeus,
236 1661 362 1722 Euergetes
369 1658 546 1721 cognominatus,
555 1657 584 1703 ob
591 1656 681 1703 nimiam
691 1672 743 1703 cru-

68 1726 195 1781 ‘deitatem
210 1727 255 1773 suis
269 1724 361 1777 inrisus,
378 1720 493 1769 incensor
505 1721 587 1783 popuio
599 1719 667 1783 regii,
685 1722 743 1768 clam
767 1756 772 1769 ,,

83 1795 177 1857 Cypron
195 1788 306 1853 profugit:
331 1795 361 1840 et,
383 1802 434 1833 oum
453 1786 524 1834 sorori
541 1787 589 1848 ejus
608 1783 741 1848 Cleopatrae

81 1874 149 1922 qaam
161 1854 217 1920 (filia
227 1855 274 1917 ejus
283 1852 370 1913 virgine
379 1868 419 1914 per
428 1851 475 1898 rim
489 1847 621 1912 comproesi,
638 1857 704 1911 atque
718 1851 743 1897 in
768 1878 772 1883 ι

81 1921 246 1971 matrimonium
263 1914 340 1977 ducti)
355 1916 512 1979 repudiaverat,
529 1930 623 1978 regnum
636 1916 742 1977 apopulo

81 1990 158 2037 aarum
173 1990 239 2036 esset,
255 1980 355 2027 infensus
370 1980 447 2033 filium,
465 1994 531 2041 quem
547 1994 577 2026 ex
589 1976 627 2025 uli
641 1981 741 2034 habehat,
770 2025 772 2030 ,

82 2052 153 2115 Cypri
169 2047 264 2105 occidit;
284 2050 392 2106 caputque
410 2046 464 2106 ejus,
486 2051 509 2091 et
526 2058 612 2096 manus,
634 2044 742 2104 etpedes

81 2117 147 2165 matri
159 2114 226 2161 misit
261 2109 385 2171 seditiones
395 2108 540 2155 atriumriris
553 2106 636 2154 Fulvio
650 2106 740 2160 iimoo,

80 2188 105 2229 et
116 2178 153 2233 .C·
168 2176 279 2229 Graccho,
296 2180 319 2220 et
337 2170 365 2220 C.
379 2171 469 2233 Papirio
486 2170 597 2223 curmae,
613 2169 742 2231 sgro‘divi-
767 2208 773 2216 .

80 2245 153 2293 dendo
164 2242 254 2295 creatis,
267 2238 381 2285 excitatae:
400 2236 540 2297 quibuscum
551 2233 579 2280 P.
593 2233 668 2294 Scipio
678 2233 742 2279 Airi-

72 2324 149 2357 canus
157 2309 316 2367 adversaretur,
326 2300 434 2360 fortisque
442 2314 468 2345 sc
478 2297 564 2345 validus
571 2297 599 2343 da
606 2297 641 2343 die
649 2298 741 2345 donum

79 2390 105 2421 se
113 2372 241 2433 recepisset,
252 2373 353 2414 mortuus
363 2365 387 2409 in
398 2362 498 2410 ouhicrdo
507 2362 613 2408 inventus
622 2367 663 2408 sst-
685 2362 741 2409 -su-

31 2482 33 2487 ,
79 2430 216 2500 spectsiuit,
223 2440 335 2492 tamquam
346 2428 366 2475 ei
376 2442 487 2475 venenum
495 2426 597 2478 dedisset,
610 2425 741 2487 Sempronia

78 2516 143 2555 uxor,
154 2500 213 2546 <hinc
227 2496 329 2549 maxime,
347 2492 406 2555 quod
420 2506 483 2539 soror
497 2497 556 2537 esset
571 2490 740 2547 Gracchorum
788 2483 794 2493 '

77 2582 130 2614 cum
145 2564 224 2625 quihus
238 2560 338 2609 simultas
351 2556 459 2604 Africano
473 2554 558 2603 fuerat:
576 2553 605 2600 de
618 2561 691 2600 morte
705 2562 741 2600 ta·

109 2770 162 2804 ror.
175 2770 198 2801 v.
471 2752 514 2795 91
