1792 2950
149 149 179 192 28
240 145 371 205 Tchlvll
388 145 440 194 Lra
455 145 581 194 xxm.
600 145 661 194 Car.
674 148 714 193 27.

147 273 284 323 Macedonas
305 275 446 338 disceptetur,
465 275 585 323 formulam
600 275 658 338 juris
679 273 819 335 exsequendi,

147 341 325 386 constituendam
337 339 412 386 esse.”

180 402 292 450 XXVII.
312 402 375 457 lude,
391 405 490 466 graviter
500 403 586 450 offenso
596 419 657 466 rege,
670 401 816 450 Thessaloni·

148 483 190 514 cen
202 467 231 514 ad
245 469 427 529 cognoscendum
446 469 474 515 de
487 467 591 516 Thr-scire
608 469 698 514 urbibus
714 466 816 528 proficis-

148 541 236 578 cuntur.
268 530 301 578 Ibi
312 533 380 594 legati
389 533 512 580 Eumenis:
527 540 543 562 ⁴⁴
553 531 816 579 SiliberaaesseAEuum
887 588 888 591 Ἰ

148 603 172 642 et
183 595 316 644 Maroneam
331 598 401 644 velint
413 597 521 650 Romani,
538 598 593 643 nihil
611 597 645 644 sui
661 596 753 657 pudoris
766 609 816 642 esse

148 659 207 706 ultra
217 660 295 715 dicere,
310 677 377 722 quam
391 670 416 708 ut
430 662 572 716 admoueant,
584 675 615 714 re,
627 675 673 706 non
687 661 764 713 verbo,
775 674 816 706 eos

148 723 229 771 liberos
240 726 378 786 relinquant:
398 742 439 773 nec
451 741 516 772 suurn
532 739 614 771 munus
621 725 723 786 intercipi
734 725 761 770 ab
771 722 816 771 alio

150 789 268 850 patiantur.
305 791 345 837 Sin
355 797 429 838 autem
447 792 521 836 minor
538 806 591 836 cura
607 791 636 836 sit
651 789 776 836 civitatium
792 789 816 833 in
888 836 889 845 χ

150 851 246 899 'lhracil
256 855 385 916 positarum,
395 855 467 901 multo
477 855 552 902 verius
559 870 616 908 esse,
625 869 676 915 quae
684 855 725 900 sub
733 852 817 899 Antio-
888 860 889 863 ’

150 918 194 963 cho
201 917 291 972 luerint,
302 920 394 980 premis
401 919 453 966 belli
460 918 594 972 Eumenen,
604 933 670 979 quarn
679 917 818 979 Philippum,

150 982 245 1039 habere;
261 984 298 1029 vel
314 999 355 1044 pro
371 985 440 1046 putris
451 984 524 1030 Attali
534 983 619 1030 meritis
629 983 695 1036 bello,
707 982 768 1042 quod
779 982 817 1028 sd}

151 1061 230 1092 versus
243 1045 369 1109 Philippum
379 1049 453 1110 ipsum
463 1050 559 1110 gesserit
574 1048 670 1126 populus
680 1046 816 1103 Romanus3
889 1060 890 1075 ¹

150 1111 187 1156 vel
194 1112 246 1164 suis,
255 1108 338 1176 [quod]
345 1113 453 1159 Antiochi
457 1113 522 1166 bello,
530 1113 700 1172 terramarique,
707 1108 818 1158 laboribus

100 1183 103 1188 '
150 1176 298 1236 periculisque
310 1179 413 1226 omnibus
428 1176 559 1224 interficerit.
596 1176 687 1223 Habere
696 1191 749 1223 eum
760 1190 818 1236 prse-

150 1245 213 1286 terea
231 1240 307 1288 decem
326 1242 452 1304 legatorum
470 1242 493 1286 in
513 1257 562 1288 eam
579 1256 627 1287 rem
647 1240 818 1303 praejudicium3

75 1347 78 1354 ,
152 1305 249 1368 quicum
257 1304 424 1354 Chersonesum
431 1305 641 1366 Itysimachiamque
646 1305 754 1359 dederint,
764 1303 819 1352 Ma·

151 1384 242 1416 roneam
256 1385 345 1432 quoque
355 1379 422 1432 atque
433 1370 520 1417 AEnum
538 1369 638 1432 profecto
653 1369 747 1423 dedisse,
766 1381 820 1429 qua

151 1432 199 1497 ipsi
213 1435 377 1498 propinquitate
390 1436 489 1499 regionis
504 1435 566 1483 velut
580 1434 711 1498 appendices
728 1434 819 1497 majoris
891 1440 892 1451 ¹

152 1501 251 1547 muueris
267 1510 348 1548 essent.
383 1502 445 1548 Nam
463 1501 590 1562 Philippum
609 1500 699 1560 quidem
718 1514 763 1559 quo
782 1506 821 1545 aut

152 1565 232 1617 merito
251 1565 275 1609 in
293 1567 400 1627 populum
411 1565 549 1619 Romanum,
561 1572 599 1611 aut
606 1566 658 1627 jure
665 1565 758 1627 imperii,
768 1578 820 1609 curn
853 1618 864 1637 x

152 1634 199 1673 tam
219 1629 296 1689 procul
311 1644 324 1675 a
337 1630 417 1675 linibus
434 1630 578 1677 Macedoniae
597 1630 675 1682 absim,
695 1629 821 1675 evitatihu

152 1691 189 1736 his
207 1693 309 1751 presidis
326 1693 459 1753 imposuisse
469 1694 493 1762 i·
514 1693 598 1741 Vocari
617 1693 743 1740 Maronitas
755 1694 822 1755 jube-

154 1762 219 1800 rent:
239 1756 266 1801 ab
276 1756 302 1801 iis
313 1758 406 1803 certiora
417 1758 493 1804 omnia
502 1757 530 1805 de
541 1765 600 1805 statu
610 1758 733 1804 civiutium
744 1770 821 1804 earum

154 1818 278 1864 scituros.”
312 1818 393 1881 Legati
404 1820 568 1869 Maronitarum
581 1822 662 1876 vocati,
681 1829 697 1851 ⁴⁴
707 1821 763 1867 Non
775 1831 826 1868 uno·

154 1884 205 1929 loco
220 1890 307 1930 unum
324 1886 383 1931 urbis
401 1886 528 1947 praesidium
547 1886 634 1949 regium
651 1901 708 1941 esse,
724 1886 784 1933 niort
797 1887 822 1932 in
882 1940 891 1951 ,

155 1947 203 1993 aliis
214 1948 363 2002 civitatibus,'’
381 1949 491 2004 dixerunt,
511 1958 526 1980 “
538 1951 577 1997 serl
588 1950 687 2012 pluribus
702 1951 783 2008 simul;
800 1958 826 1997 et

156 2011 245 2073 plenam
260 2012 411 2061 Macedonum
428 2014 562 2063 Maroneam
579 2030 641 2061 esse:
659 2016 735 2075 itaque
750 2016 823 2061 domi·

156 2077 205 2123 nari
215 2085 363 2125 assentatores
374 2081 463 2141 regios:
482 2080 517 2125 bis
528 2080 581 2125 solis
591 2080 651 2140 loqui
666 2086 690 2125 et
705 2080 728 2125 in
743 2088 823 2143 senatu

155 2148 179 2187 et
189 2142 213 2186 iu
222 2143 364 2189 concionibus
371 2144 451 2190 licere:
469 2159 508 2190 eos
519 2159 597 2190 omnes
606 2145 703 2191 honores
713 2151 825 2205 etcapere

156 2206 223 2267 ipsos,
232 2214 256 2253 et
266 2207 318 2254 dare
328 2208 383 2254 aliis.
413 2208 530 2269 Optimum
541 2223 659 2269 quemque,
668 2208 748 2269 quibus
757 2209 826 2269 llber-

156 2268 215 2324 ¹tutis,
226 2272 305 2331 quibus
315 2272 391 2334 legum
403 2288 457 2320 cura
468 2273 503 2325 sit,
521 2279 560 2318 aut
575 2274 677 2319 exsulare
692 2273 770 2334 pulsos
784 2288 826 2335 pa·

157 2335 206 2388 uia
219 2342 257 2381 aut
266 2337 411 2384 inhonoratos
422 2345 445 2384 et
455 2337 599 2389 deterioribus
610 2337 719 2383 mucidus
730 2336 824 2385 silere-'⁸

158 2396 199 2443 De
204 2399 256 2458 jure
263 2401 329 2447 etiem
339 2401 417 2449 finium
424 2416 496 2463 pauca
502 2402 643 2463 adjecerunt:
661 2409 677 2431 ‘⁴
687 2400 720 2455 Q,
727 2400 825 2449 Fabium

160 2456 294 2516 labeonem,
307 2480 358 2511 cunr
369 2467 392 2513 in
403 2467 496 2528 regione
506 2464 533 2511 eri
542 2465 627 2519 fuisset,
640 2465 826 2514 direxissefinem

162 2522 264 2585 Philippo
270 2534 367 2575 veterem
374 2531 432 2577 riam
440 2531 531 2592 regiam,
543 2546 595 2590 quae
602 2532 631 2577 ad
639 2529 743 2577 Thraciae
752 2530 828 2577 Paro-

162 2588 230 2637 reiam
243 2590 324 2646 subeat,
341 2609 450 2657 nusquam
465 2594 493 2640 sd
507 2609 568 2642 mare
578 2595 733 2643 dechnamem·
769 2594 829 2644 Pus
