1792 2950
149 152 182 198 54
242 140 376 198 '12less
391 138 448 194 Lu.
458 133 586 209 XXXIX·
598 132 726 209 ,cu-*52

150 275 228 338 inquit,
248 281 264 304 “
274 270 379 322 diuturni
390 269 444 321 curi
450 269 565 334 populum
575 265 713 316 Romarm»
729 266 823 326 quando
887 296 888 301 =

152 335 247 388 mortem
259 338 318 384 senis
326 345 455 398 exspectare
463 336 558 395 longum
567 336 667 376 censent.
696 327 749 376 Nec
758 346 826 394 mag.

152 421 205 452 narn
216 419 258 449 nec
268 401 434 448 memorabilem
442 415 471 448 ex
482 397 564 444 inermi
572 393 703 456 proditoque
714 393 828 442 Remini.

153 485 196 516 nus
212 466 327 514 victoriam
344 465 417 521 leret3
433 479 509 512 mores
527 461 615 521 quidem
630 458 707 518 populi
722 458 828 568 {omani

155 539 263 594 quantum
280 530 422 581 mutaverint,
443 529 480 574 vel
498 528 535 578 hic
552 525 601 570 dies
620 537 726 583 argumen
739 540 754 569 o
773 525 826 571 erit.

156 597 247 644 Horum
258 604 332 656 patres
344 593 432 654 Pyrrho
444 593 500 654 regi,
517 590 577 636 hosti
592 595 684 637 armato,
702 588 829 635 exercitum

158 663 181 706 in
193 658 258 706 Iulis
269 660 364 710 habenti,
378 666 402 704 ut
413 673 426 704 a
439 672 526 703 veneno
545 660 640 703 caveret
657 652 831 712 praedixerunts
887 704 888 711 ἵ

157 725 180 770 hi
190 725 288 784 legatum
301 723 446 774 consularem,
466 722 503 782 qui
521 726 598 768 auctor
614 725 672 763 esset
683 715 774 764 Prusiae
787 736 831 782 pet
887 718 888 771 l

158 789 231 835 scelus
252 787 365 834 occidendi
390 787 489 848 hospitis,
512 779 647 830 miserunt.”
686 779 830 832 Exsecutus

158 851 236 900 deinde
244 853 267 896 ln
276 860 342 912 caput
351 866 490 912 regnumque
498 848 591 899 Prusiae,
602 855 626 892 et
633 845 832 906 hospitalesDene

157 917 247 963 violatae
258 917 285 962 ab
296 932 323 961 eo
333 915 383 964 fidei
392 923 460 961 testes
471 916 584 965 invocans,
597 910 701 973 poculum
712 912 826 962 exhausit.

158 981 206 1028 Hic
216 981 272 1026 vitae
281 981 354 1026 exitus
364 979 406 1025 fuit
418 979 558 1025 Hannibalis.
741 1026 746 1032 ,

103 1103 105 1108 ¹
189 1043 247 1092 LII.
268 1044 394 1105 Scipionem
406 1052 428 1089 et
440 1043 548 1104 Polybius
558 1048 581 1088 et
591 1041 692 1087 Rutilius
704 1041 751 1092 boc
766 1059 833 1105 mo.

158 1117 271 1162 mortuum
288 1110 392 1154 scribunt.
428 1108 482 1169 Ego
494 1123 566 1168 neque
580 1107 621 1159 bis,
641 1121 714 1166 neque
725 1107 834 1165 Valerio„

159 1174 281 1220 assemior:
302 1173 341 1224 bis,
357 1173 423 1232 quod,
440 1174 569 1218 censoribus
581 1171 618 1216 Μ.
630 1170 718 1224 Porcio,
734 1171 764 1219 L.
779 1173 831 1222 Va.

158 1239 220 1292 lerio,
233 1238 353 1300 principem
363 1238 453 1284 senatus
461 1238 533 1299 ipsum
546 1235 574 1281 L.
586 1234 700 1282 Valerium
710 1252 832 1289 censorem

158 1305 241 1351 lectum
253 1303 359 1358 invenio;
377 1317 427 1349 curn
440 1302 588 1362 superioribus
596 1302 665 1346 tribus
676 1301 752 1348 lustris
765 1303 831 1351 Affi-

159 1384 227 1416 canus
237 1367 331 1424 fuisset;
346 1383 391 1428 quo
401 1368 460 1420 rivo,
473 1367 515 1412 nisi
524 1375 549 1412 ut
557 1366 593 1411 ille
602 1374 680 1411 senatu
688 1377 828 1424 moveretur,
887 1368 888 1371 ’

159 1448 225 1495 quam
237 1441 313 1491 uotam
322 1447 387 1479 nemo
398 1432 514 1479 memoriae
529 1430 631 1493 prodidit,
650 1431 706 1477 alius
722 1433 830 1498 princeps

160 1499 265 1551 inlocum
277 1499 325 1560 ejus
336 1498 407 1543 lectus
418 1512 464 1542 non
479 1506 545 1543 esset.
581 1496 696 1542 Antiatem
711 1506 828 1549 auctorem

160 1562 240 1608 refellit
257 1563 357 1607 tribunus
375 1562 443 1621 plebis
463 1562 499 1607 M.
516 1560 618 1612 Naevius,
636 1561 742 1609 adversus
760 1581 830 1626 quem

162 1626 231 1672 oratio
243 1626 348 1685 iuscripta
360 1622 387 1669 P.
399 1625 499 1672 Africani
510 1634 551 1671 est
579 1624 627 1671 Hic
638 1625 734 1674 Naevius
743 1630 770 1675 in
781 1648 830 1679 ma.

160 1689 295 1749 gistratuum
312 1688 371 1733 libris
388 1697 422 1733 est
438 1690 626 1750 tribunusplebis,
641 1690 667 1735 P.
680 1690 783 1749 Claudio,
797 1696 842 1744 12:

161 1750 244 1797 Porcio
253 1737 392 1797 consulibus:
410 1754 448 1798 sed
457 1754 505 1800 iniit
513 1756 655 1807 tribunatum,
666 1756 711 1817 Ap.
723 1757 835 1818 Claudio*

66 1856 71 1865 ,
161 1814 198 1861 Μ.
218 1814 348 1873 Sempronio
365 1817 498 1871 consulibus,
517 1827 569 1864 aute
586 1819 642 1865 diem
658 1830 764 1879 quartum
779 1826 831 1875 idus

162 1877 314 1925 Decembres:
334 1879 385 1925 inde
396 1888 441 1927 tres
453 1897 541 1930 menses
551 1884 578 1929 ad
593 1884 643 1929 idus
654 1884 750 1934 Martias
759 1900 835 1950 sunt3

162 1942 242 2003 quibus
254 1940 280 1986 P.
292 1940 405 1997 Claudius,
419 1944 446 1991 L.
458 1944 551 1993 Porcius
564 1949 703 1995 consulatum
720 1952 828 2004 inierunt.

86 2014 89 2018 '
163 2004 200 2053 Ita
211 2014 234 2052 et
244 2006 327 2053 vixisse
338 2008 360 2053 in
374 2010 485 2057 tribunatu
497 2012 572 2059 Naevii
586 2013 679 2067 videtur,
699 2016 793 2078 diesque
808 2023 836 2068 ei-

162 2072 204 2118 dici
216 2072 243 2118 ab
254 2087 281 2117 eo
292 2074 390 2133 potuisse
396 2092 404 2130 ;
422 2074 544 2123 decessisse
554 2086 627 2124 autem
639 2088 691 2126 ante
701 2080 731 2127 L.
743 2082 831 2133 Valerii

162 2145 185 2185 et
196 2136 232 2183 M.
248 2134 321 2183 Po'rcii
336 2154 458 2185 censuram.
493 2140 572 2187 Trium
591 2144 763 2193 clarissimorum
781 2166 831 2198 suae

162 2203 269 2264 cujusque
279 2203 353 2263 gentis
364 2204 462 2249 virorum
474 2220 519 2250 non
530 2208 602 2269 magis
613 2218 712 2270 ternpore
729 2200 835 2277 congruss

162 2275 215 2312 ente
225 2268 376 2327 comparabilis
385 2284 445 2315 mors
454 2270 541 2316 videtur
549 2287 605 2322 esse.
617 2289 684 2333 quam
692 2277 751 2333 quod
760 2293 831 2327 nemo

112 2353 116 2358 -
163 2345 240 2374 eorum
259 2332 311 2377 satis
331 2332 423 2393 dignum
439 2334 555 2393 splendore
570 2338 622 2382 vitae
640 2338 724 2383 exitum
743 2342 827 2390 habuit.

124 2433 125 2439 ,
163 2390 215 2437 Jsm
227 2394 321 2451 primurn
334 2411 411 2442 omnes
422 2412 467 2442 non
486 2398 508 2441 in
525 2400 596 2459 patrio
614 2401 662 2445 solo
679 2406 770 2459 mortui,
788 2422 831 2456 nec

164 2454 244 2512 sepulti
255 2468 313 2503 sunt.
349 2458 444 2506 Veneno
455 2462 550 2507 absumti
559 2462 673 2510 Hannibal
680 2476 704 2512 et
713 2466 830 2533 Philopoe-

164 2528 231 2586 men3
245 2521 311 2564 exsul
329 2520 449 2576 Hannibal,
469 2526 568 2584 proditus
586 2529 614 2573 ab
632 2528 734 2590 bospite;
751 2528 832 2596 captus

165 2574 319 2637 Philopoemen
331 2584 353 2628 in
365 2600 453 2632 carcere
463 2596 486 2633 et
496 2588 519 2632 in
528 2589 622 2637 vinculis
629 2594 757 2654 exspiravit.
780 2600 831 2646 su·-

163 2638 209 2708 pio,¹
221 2641 263 2686 etsi
273 2656 318 2689 non
329 2648 399 2703 exsul,
412 2664 485 2710 neque
490 2650 614 2711 damnatus,
626 2655 662 2730 die
671 2664 749 2709 tamen
760 2660 829 2739 diod,
