1792 2950
141 125 196 170 ro
247 93 399 176 'narvrr
415 100 610 168 mxxxix
629 117 689 168 cn.
703 121 727 166 o.

165 257 188 297 et
198 253 311 311 quieatrtm
322 257 345 296 et
355 245 492 310 discipinam
502 249 632 311 profiteria»,
644 249 731 295 animos
740 247 836 293 horrore

164 316 279 368 imbueret,
292 313 331 362 sed
341 313 479 362 occultorum
490 323 513 361 et
524 322 684 361 nocturnorum
694 312 788 359 mtistes
799 325 835 357 ss·

164 395 260 426 crorum.
289 377 356 426 Initia
366 385 436 441 erant,
449 394 501 439 qnae
510 380 582 440 primo
592 378 668 440 paucis
675 377 756 424 tradita
764 383 818 422 mat
824 393 838 422 z·

165 444 244 491 deinde
254 443 342 504 vulgari
352 451 426 504 coepta
437 451 490 490 sunt
499 459 540 504 per
549 445 610 490 viros
620 443 780 505 mulieresque:
794 441 835 486 atl-

165 507 218 556 dite
232 507 357 568 voluptates
372 508 474 569 religioni
486 509 533 554 vini
546 516 571 554 et
584 507 706 570 epularum,
723 521 768 566 quo
783 504 838 566 plu·

165 573 222 618 rium
239 573 307 618 animi
324 572 467 618 illicerentur.
503 571 563 620 Cum
578 573 657 619 vinum
675 568 795 632 [animoa]
811 576 837 614 et
885 595 888 600 -

165 650 219 689 nox,
231 643 255 682 et
265 637 329 683 mixti
339 636 427 683 feminis
438 652 517 690 mares,
530 638 603 683 aetatis
612 644 696 682 tenerae
707 634 837 696 majoribus,

166 701 283 748 discrimen
305 716 372 747 omne
393 701 485 762 pudoris
505 702 679 757 exstinxissent3
702 698 839 760 corruptelae

165 765 262 828 primum
277 766 350 812 omnis
364 766 454 827 generis
467 766 515 812 lieri
529 773 617 827 coeptae,
635 781 687 811 cum
702 764 731 810 acl
740 763 764 809 id
773 763 840 823 qaus-

166 845 217 890 que,
235 845 280 890 quc
290 828 369 876 natura
380 831 490 891 pronioris
499 831 597 876 libidinis
602 837 673 883 esset,
684 835 784 891 paratam
794 842 839 873 vo-

146 878 273 955 ·luptatem
290 895 386 941 baberet.
422 894 474 941 Nec
491 910 561 941 unum
579 910 652 956 genus
668 908 742 945 norrae,
760 898 840 952 stupra

165 959 292 1021 promiscua
300 959 447 1021 ingenuorum
455 959 639 1019 feminarumque,
648 965 724 1004 erant:
740 955 839 1002 sedialai

166 1030 242 1076 testea,
258 1023 314 1070 falas
329 1023 393 1085 signa
405 1025 577 1084 testimoniaque
586 1031 610 1069 et
619 1023 707 1076 indicia,
718 1035 748 1067 ex
758 1017 840 1066 eidem

167 1085 359 1134 officinbexibant.
378 1087 474 1134 Venena
480 1089 577 1134 indidem
586 1089 741 1146 intestineqne
749 1084 837 1131 ciana:

166 1153 198 1200 ita
209 1159 234 1198 ut
245 1167 273 1200 ne
284 1168 376 1213 corpora
387 1152 475 1212 quidem
486 1153 598 1198 interdum
608 1153 637 1198 arl
648 1151 785 1213 sepulturam
797 1163 842 1195 ex·

166 1220 260 1264 starent.
295 1217 373 1264 Multa
383 1217 442 1270 dolo,
459 1217 564 1277 pleraque
572 1232 613 1277 per
623 1217 669 1262 vim
684 1215 838 1262 cudebantur:

167 1282 282 1328 occulebat
292 1281 346 1334 vim,
358 1280 425 1341 quod,
437 1296 485 1342 prae
495 1281 621 1334 ululatibus,
635 1287 842 1342 tympanorumque

167 1353 191 1393 et
206 1347 358 1406 cymbalorum
370 1346 470 1406 strepitu,
489 1345 549 1391 nulls
560 1359 606 1391 vox
616 1345 768 1406 quiritantium
780 1343 842 1389 inter

168 1417 244 1472 stupra
254 1417 278 1457 et
289 1410 361 1456 caedat
372 1409 473 1456 exaudiri
483 1417 578 1471 poterat.

199 1473 246 1523 IX·
267 1474 345 1539 Hujus
359 1476 411 1523 mali
425 1477 487 1526 labes
501 1491 531 1522 ex
545 1473 639 1523 Etrurii
652 1474 758 1527 Romam,
776 1472 842 1519 velut·

168 1541 303 1602 contagione
314 1541 391 1593 morbi,
409 1541 542 1601 penetravit.
577 1540 655 1586 Primo
667 1539 736 1585 Urbis
750 1538 841 1599 magni-

168 1605 231 1658 tudo,
248 1605 348 1664 capacior
362 1604 525 1665 patientiorque
538 1606 616 1651 talium
630 1604 748 1656 malonem,
765 1616 793 1649 aa
803 1616 842 1647 cc-

167 1668 236 1715 larit:
255 1668 345 1713 tandem
356 1668 461 1715 indicium
472 1671 516 1716 boc
526 1670 624 1717 maxime
634 1668 701 1714 modo
716 1668 743 1714 acl
755 1666 842 1713 Postu·

169 1732 239 1778 mium
254 1729 369 1777 consulem
384 1734 492 1793 pervenit.
529 1734 557 1780 P.
570 1733 685 1786 AEbutius,
702 1732 765 1795 cnjus
776 1737 843 1793 pater

169 1796 257 1859 publico
268 1812 326 1856 equo
337 1797 445 1858 stipendia
454 1798 544 1853 fecerat,
561 1799 659 1861 pupillus
669 1797 768 1850 relictus,
779 1811 842 1841 mnr-

170 1861 215 1907 tnis
230 1860 309 1907 dende
323 1862 440 1916 tutoribus,
460 1866 500 1911 sub
514 1863 585 1910 tuteli
599 1863 711 1910 Duroniae
725 1859 806 1908 matris
819 1867 845 1906 et

145 1928 146 1933 ’
170 1917 244 1971 viiriei
259 1924 289 1970 T.
301 1926 425 1987 Sempronii
436 1928 510 1975 Rutili
520 1928 714 1975 educatusfuerat.
750 1925 845 1972 Etma-

170 1997 205 2037 ter
216 1988 290 2035 dedita
299 1990 348 2035 viro
359 1999 421 2049 erat;
438 2001 462 2039 et
473 1994 572 2046 vitricus,
584 1994 636 2053 quia
645 1992 738 2038 tutelam
748 1990 781 2036 ita
791 2004 846 2052 ges·

171 2062 237 2107 serat,
255 2061 281 2101 ut
296 2055 410 2102 rationem*
419 2058 512 2104 reddere
525 2072 572 2103 non
586 2064 670 2119 posset,
687 2064 726 2102 aut
739 2054 790 2101 tolli
800 2069 845 2116 pu·

170 2119 255 2181 pillum,
274 2126 313 2165 aut
323 2122 444 2167 obnoxium
457 2124 498 2169 sibi
508 2123 598 2169 vinculo
609 2122 682 2181 aliquo
691 2120 747 2172 lieri,
766 2119 845 2180 cupie-

169 2186 213 2232 bat.
248 2183 294 2231 Via
305 2198 350 2231 una
361 2187 493 2247 corruptelae
503 2186 652 2233 Bacchanalia
662 2192 732 2231 erant.
764 2183 846 2230 Mater

170 2250 360 2297 adolescentulum
376 2251 478 2313 appellat,
497 2259 512 2280 ‘⁴
522 2252 553 2297 Se
567 2266 608 2312 pro
623 2266 686 2311 aegro
701 2265 729 2295 eo
743 2248 844 2300 vovisse,

171 2314 208 2360 ubi
216 2316 312 2374 primum
321 2316 479 2368 convaluisset,
491 2315 588 2363 Bacchis
598 2330 650 2361 eum
658 2330 683 2359 ae
690 2313 843 2359 initiatarum:

173 2376 298 2425 damnatam
309 2380 364 2432 voti,
377 2379 455 2426 Deilm
466 2380 610 2441 benignitate,
622 2379 739 2425 exsolvere
746 2378 770 2423 id
777 2377 843 2423 velle.

174 2438 264 2485 Decem
274 2442 359 2489 dierum
371 2442 501 2491 castimonii
512 2458 568 2505 opus
578 2458 640 2489 esse:
653 2442 740 2489 decimo
751 2442 789 2488 (lie
798 2455 847 2488 coe-

175 2509 260 2557 natum,
278 2505 356 2553 deinde
372 2524 428 2571 pura
444 2511 538 2561 lautum,
555 2509 579 2553 in
598 2508 718 2553 sacrarium
736 2506 847 2552 deductu-

174 2565 248 2613 raan.”
283 2569 386 2618 Scortum
405 2574 486 2626 nobile,
502 2573 604 2618 libertina
623 2571 719 2633 Hispala
738 2569 844 2622 Fecenia,

140 2670 146 2681 .
175 2644 222 2677 nun
233 2631 301 2693 digua
310 2644 404 2695 questu,
423 2639 460 2684 cui
470 2637 574 2684 ancillula
583 2633 692 2690 manerat,
702 2634 773 2683 etiam
783 2641 847 2697 pcn-
