1792 2950
155 125 188 194 sc
251 123 279 194 r.
293 121 382 190 mvn
394 121 451 188 *nu
464 119 590 185 xxxin
604 120 732 171 caso-

155 254 397 315 smnesexposoebant
426 251 575 312 Magistratus
583 257 608 296 et
618 249 828 312 punamverm,

140 327 184 364 'ne
198 333 263 378 quern
275 324 360 363 ruotum
375 316 524 362 misericordia
537 316 652 375 praesentis
666 316 723 362 tanti
735 315 781 361 viri
791 314 830 361 fa·
885 362 886 375 χ

154 389 221 435 caret,
234 396 284 427 curn
296 381 349 426 alios
361 380 492 427 verecundia
502 380 600 440 pristinae
610 380 732 440 majestatis
741 379 829 429 colhtt
885 392 886 397 ’

154 446 258 508 praesenti
272 444 375 494 fortune,
393 445 447 490 alios
462 444 584 490 recordatio
593 444 718 511 ingentium
725 444 829 507 merito-

155 525 204 554 rum
219 516 307 554 motura
323 516 387 560 esset,
405 509 482 569 procul
497 509 521 553 in
535 516 655 569 conspectu
670 524 722 554 eum
738 515 827 554 statne-

155 579 220 620 runtz
240 573 317 619 deinde
328 574 406 635 raptim
418 588 446 619 ex
455 573 525 618 oculis
533 573 647 618 hominum
659 572 826 624 abstraxerunt,

155 645 250 699 praetore
264 635 388 684 Dinocrate
402 638 495 689 dicente,
513 652 568 688 esse,
586 652 637 696 quae
651 637 788 698 pertinentia
796 635 828 682 ad

155 716 263 748 summam
285 702 335 748 belli
353 703 477 763 percontari
497 716 547 746 eum
567 700 709 762 magistratus
729 700 826 746 vellent.

155 764 212 811 Inde
228 767 321 812 abducto
338 781 365 812 eo
381 767 404 812 in
420 766 511 819 curiam,
529 773 552 810 et
567 772 645 811 senatu
655 774 749 819 ,vocum
759 779 830 811 „con-

156 830 232 876 sultari
243 841 348 891 coeptum.

188 893 217 940 L·
235 893 288 940 Jam
299 895 504 956 invesperascebat5
516 902 539 941 et
549 910 594 940 non
604 895 672 940 modo
682 902 773 946 caetera,
785 894 826 939 aed

155 972 185 1004 ne
195 959 217 1002 in
225 958 348 1018 proximam
363 959 451 1018 quidem
463 966 551 1005 noctem
567 960 602 1005 ubi
618 960 671 1005 satis
685 966 736 1004 tuto
746 965 828 1004 custo·

155 1023 245 1076 diretur,
258 1023 407 1082 expediebant.
423 1023 597 1084 ¹obstupuerant
608 1023 638 1068 ad.
645 1023 824 1082 magnitudinem

70 1083 73 1090 “
155 1086 254 1148 pristinae
269 1088 316 1148 ejus
330 1086 425 1132 fortunae
441 1088 587 1146 virtutisque;
604 1095 627 1132 et
643 1102 715 1146 neque
728 1086 827 1148 ipsido-

154 1165 217 1196 mum
233 1151 329 1212 recipere
344 1151 511 1197 custodiendum
527 1151 641 1204 audebant,
661 1166 703 1196 nec
715 1153 826 1211 cuiquam

155 1216 193 1260 uni
205 1215 326 1261 custodiam
337 1217 384 1277 ejus
395 1216 447 1261 satis
456 1216 579 1261 credebant.
605 1215 737 1262 Admonens
744 1215 826 1262 deinde

155 1279 251 1340 quidam,
276 1295 324 1325 esse
343 1280 470 1325 thesaurum
490 1280 600 1340 publicum
620 1281 661 1325 sub
680 1278 746 1332 terri,
769 1293 826 1325 saxo

156 1344 263 1404 quadrato
281 1353 381 1405 septum:
401 1361 428 1390 eo
447 1345 535 1390 vinctus
554 1344 685 1396 demittitur,
701 1352 823 1403 etsaxum

154 1409 240 1470 ingens,
259 1424 303 1468 quo
323 1409 426 1470 operitur,
445 1405 547 1454 machinis
566 1409 758 1469 superimpositum
778 1414 823 1454 est.

154 1469 197 1538 Ita,
218 1476 268 1521 loco
287 1474 361 1535 potius
380 1490 445 1534 quam
465 1472 549 1519 homini
568 1473 671 1533 cuiquem
690 1473 823 1521 credendam

154 1539 276 1585 custodiam
296 1540 343 1590 rati,
365 1539 437 1584 luceru
456 1539 609 1597 insequentem
628 1545 823 1599 exspectaverint.

155 1598 250 1647 Postero
261 1601 296 1646 die
307 1602 425 1647 multitudo
436 1602 525 1661 quidem
540 1603 633 1663 integra,
651 1617 738 1649 memor
747 1602 826 1664 pristi-

155 1678 235 1709 norum
253 1666 299 1725 ejus
314 1666 337 1709 in
353 1665 464 1712 civitatem
482 1667 619 1719 meritorum,
636 1668 781 1727 parcendum,
796 1678 823 1713 ae

154 1742 194 1789 per
211 1742 261 1772 eum
280 1729 375 1774 remedia
392 1732 511 1789 quaerenda
527 1746 577 1777 esse
593 1731 735 1791 presentium
752 1732 824 1777 malo-

154 1805 211 1843 rum,
225 1793 355 1838 censebant:
375 1794 503 1841 defectionis
514 1801 623 1849 auctores,
635 1811 730 1855 quorum
740 1796 765 1841 in
775 1811 824 1842 ma-
885 1807 886 1838 ἐ

155 1869 186 1900 nu
198 1856 318 1915 respublica
329 1864 381 1909 erat,
399 1860 422 1903 in
434 1867 519 1905 secreto
530 1860 688 1915 consultantes,
706 1876 786 1907 ornnes
795 1860 823 1907 ad

155 1933 232 1965 necem
251 1921 299 1980 ejus
317 1924 496 1969 consentiebant:
520 1925 565 1977 sed,
584 1933 658 1971 utrum
677 1932 822 1977 maturarent,

154 1998 183 2030 an
195 1980 313 2036 differrent,
326 1988 483 2048 ambigebatur.
511 1988 574 2035 Vicit
584 2004 635 2050 pers
646 1990 730 2036 avidior
740 2004 821 2051 poenae,

101 2074 102 2077 =
154 2048 285 2107 missusque,
298 2050 336 2109 qui
347 2045 457 2097 denenum
467 2052 542 2099 ferret.
577 2054 679 2115 Accepto
690 2055 780 2114 poculo,
789 2055 823 2099 ni-

153 2114 185 2159 hil
195 2112 254 2159 aliud
264 2113 362 2159 locutum
373 2115 455 2169 serunt,
473 2132 539 2176 quern
550 2119 663 2176 quaesisse,
677 2119 696 2164 si
705 2119 823 2165 incolumis

154 2176 265 2237 Lycortas
277 2179 311 2241 ¹(is
328 2178 384 2225 alter
399 2180 518 2242 imperator
535 2182 672 2227 Achaeorum
687 2182 745 2241 erat)
761 2183 823 2243 equi-

153 2250 234 2303 tesque
246 2243 385 2289 evasissent?
403 2242 527 2304 Postquam
542 2245 625 2291 dictum
640 2254 682 2299 est,
699 2248 822 2293 incolumes

153 2320 217 2362 esse;
241 2306 331 2353 “Bene
349 2307 438 2359 habet,”
456 2310 542 2369 inquit3
565 2317 595 2362 et,
612 2311 693 2371 poculo
712 2312 820 2373 impavide

154 2370 268 2423 exhausto,
286 2371 344 2417 haud
355 2372 386 2418 ita
396 2373 467 2418 multo
478 2380 530 2433 post
540 2374 666 2434 exspiravit.
702 2374 757 2421 Non
772 2376 821 2422 diu-

154 2437 244 2475 turnum
263 2435 341 2481 mortis
358 2437 406 2497 ejus
423 2437 529 2497 gaudium
545 2438 670 2484 auctoribus
687 2440 820 2487 crudelitatis

106 2548 111 2561 Ι
153 2492 209 2541 fuit:
227 2494 286 2541 victa
299 2511 395 2561 namque
406 2500 513 2547 Messene
523 2501 581 2548 bello
597 2504 768 2563 exposcentibus
786 2504 821 2553 A·

156 2555 224 2599 chaeis
234 2559 313 2605 nonius
328 2562 424 2609 dedidit:
444 2579 540 2623 ossaque
554 2566 638 2612 reddita
648 2564 825 2630 Philopoemern's

156 2624 222 2675 nunt·;
238 2626 262 2665 et
278 2625 376 2683 sepultus
391 2628 420 2675 ab
433 2628 540 2678 universo
554 2628 656 2677 Achaico
670 2639 706 2679 est
720 2633 825 2691 concilo,
