1792 2950
246 192 405 246 nemone
421 195 475 247 Lm
495 193 550 248 CX·
686 199 734 245 tlt?

62 324 135 377 vasi,
147 322 351 387 Vercin'gentorige
365 324 471 371 Arverno
486 323 550 377 duce,
566 320 699 377 deiemam,
711 330 736 371 et

63 388 189 437 laborim
209 388 334 435 obsidiones
354 388 449 441 rubium,
472 390 586 446 continet3
602 388 660 435 inter
681 402 736 449 quse

63 452 161 501 Avarici
167 452 304 529 biturigum,
315 459 340 501 et
351 452 474 514 Gergoviae
485 452 646 501 Arvernorum.

210 548 366 597 EPITOME
383 548 480 595 LIBRI
499 546 593 597 CVIII.

65 626 202 680 ccam
218 630 297 678 Gallos
311 630 339 677 nd
354 630 455 677 Atesim
470 628 531 683 vicit,
548 641 669 687 omnesque
680 625 737 675 Gal-

63 695 107 741 liae
125 694 232 748 civitates,
249 710 300 755 quae
318 695 342 741 in
362 695 430 741 armis
445 692 541 745 fuerant,
559 692 583 738 in
602 690 736 739 deditionem

63 758 161 821 accepit.
188 758 217 807 C.
235 756 334 813 Cassius,
352 765 452 819 quaestor
467 756 504 803 M.
525 754 608 809 Crassi,
632 753 735 808 Parthos,

65 823 109 885 qui
125 822 148 870 in
166 823 253 884 Syriam
268 823 455 875 transcenderant,
473 821 558 867 cecidit.
586 818 615 867 Iu
630 819 737 882 petitione

65 886 197 935 consulstlls
214 887 250 934 M.
262 884 320 935 Coto
331 886 441 947 repulsam
451 886 509 939 tulit,
521 884 600 933 creatis
611 883 738 930 consulibus

66 952 121 999 Ser.
143 950 247 1013 Sulpicio,
264 950 300 997 Μ.
317 950 434 997 Marcello.
460 947 488 996 C.
503 948 581 997 Caesar
597 947 738 1001 Bellovacos,

65 1030 123 1063 omn
138 1015 186 1062 eliis
202 1015 319 1062 Gallorum
331 1014 426 1076 populis,
441 1012 534 1057 domuit.
555 1012 669 1059 Praeterea
684 1025 739 1057 con·

66 1079 182 1126 tentiones
202 1080 260 1125 inter
281 1078 384 1126 consules
404 1076 433 1122 de
454 1090 582 1121 successore
604 1073 632 1123 C·
652 1074 738 1124 (Σκευᾶ

67 1143 187 1196 mittendo,
206 1150 288 1205 agente
307 1143 331 1187 in
353 1148 431 1187 senatu
451 1138 487 1185 Μ.
510 1138 618 1185 Marcello
638 1139 737 1192 consule,

65 1215 97 1268 ,ut
117 1204 194 1255 Cesar
221 1209 248 1255 nd
274 1206 404 1268 petitionem
423 1202 551 1250 consulntbs
573 1202 664 1254 veniret,
687 1217 739 1248 cnm

67 1272 90 1317 is
108 1272 160 1331 lege
177 1268 221 1317 lect
241 1272 265 1317 in
288 1266 333 1333 [id]
355 1277 442 1334 tempus
463 1266 591 1314 consulntsls
613 1265 738 1326 provincias

68 1335 171 1381 obtinere
180 1335 284 1393 deberet3
302 1349 382 1395 resque
391 1347 405 1380 s
415 1331 451 1380 Μ.
465 1330 547 1379 Bibulo
555 1330 578 1377 iu
588 1326 653 1391 Syris
662 1335 739 1392 gestas

68 1399 178 1447 continet
364 1412 368 1421 ·

141 1481 149 1499 ’
225 1481 381 1531 ΕΡΙΤΟΜΕ
398 1478 495 1528 LIBRI
513 1476 581 1528 clx.

69 1551 167 1613 Canem
181 1563 278 1611 civilium
294 1577 405 1610 armorum
418 1569 442 1608 et
457 1560 520 1607 initia
534 1558 666 1610 referuntur,
685 1569 739 1603 con·

66 1629 225 1689 tentionesque
234 1629 263 1674 de
273 1642 401 1675 successore
418 1625 446 1674 C.
460 1622 544 1673 caesari
555 1621 671 1674 mittendo,
688 1635 740 1666 cum

69 1709 96 1739 oe
108 1691 250 1739 dimissurum
264 1693 374 1738 exercitus
386 1697 485 1752 negaret,
503 1689 545 1734 nlsi
557 1703 572 1735 a
582 1685 690 1748 Pompeio
706 1684 741 1730 tli-
800 1691 801 1696 ’

67 1758 219 1803 mitterentur.
254 1755 287 1802 Et
298 1755 327 1804 C.
339 1755 451 1808 Curionis,
464 1753 545 1800 tribuni
556 1752 631 1814 plebis,
643 1749 739 1812 primum

70 1821 178 1868 adversus
196 1819 317 1874 Cessrem,
334 1821 385 1866 (lein
400 1835 442 1881 pro
455 1817 553 1870 Caesare,
572 1815 670 1863 actiones
685 1826 741 1860 con-

70 1887 137 1932 tinet.
173 1881 233 1932 Cum
245 1884 474 1931 senatus-consultum
482 1883 565 1929 lactum
571 1885 636 1933 esset,
654 1885 679 1926 ut
690 1891 741 1926 suo-

68 1965 147 1997 oessor
162 1946 247 1997 Cessri
268 1949 400 2002 mitteretur,
419 1948 456 1994 M.
468 1946 569 1994 Antonio
585 1951 608 1992 et
623 1941 741 1998 mensio

67 2014 165 2060 tribunis
180 2013 256 2074 plebis,
274 2013 377 2073 quoniam
391 2011 585 2058 intercessionibus
600 2009 622 2054 ld
641 2005 744 2054 senatus-

71 2078 199 2125 consultum
210 2077 364 2138 impediebant,
378 2075 441 2122 Urbe
451 2075 528 2136 pulsis,
542 2073 670 2120 mandatum
681 2077 716 2116 cst
727 2083 742 2116 s

71 2149 152 2191 senatu
165 2140 292 2188 consulibus
309 2147 332 2186 et
345 2136 390 2187 Cn.
408 2138 523 2199 Pompeio,
542 2143 567 2183 ut
585 2135 692 2186 viderent,
713 2145 742 2178 ne

70 2208 126 2269 qnid
136 2206 257 2268 respublica
273 2204 398 2251 detrimenti
410 2209 506 2264 caperet
541 2198 570 2248 C.
584 2196 669 2252 Caessr,
684 2195 743 2242 bello

69 2271 175 2320 inimIcos
184 2277 348 2332 persecuturus,
357 2282 408 2314 cum
417 2266 517 2313 exercitu
527 2264 550 2310 in
563 2261 650 2309 Italiam
661 2260 723 2308 venit
732 2275 739 2306 s

70 2334 207 2388 Corfinium,
229 2348 281 2381 cnm
299 2331 328 2379 1.
341 2330 445 2378 Domitio
464 2337 488 2377 et
506 2327 535 2375 1.
550 2325 654 2379 Lentulo,
675 2323 741 2384 cepit,

70 2414 157 2460 eosque
167 2398 256 2444 dimisit.
285 2396 330 2446 Cn.
344 2395 486 2458 Pompeium,
496 2401 633 2454 ceterosque
644 2388 740 2452 psstinm

70 2467 130 2528 eJus,
144 2461 209 2510 Italii
219 2462 311 2525 expulit.

213 2549 402 2600 emotus·
412 2546 509 2596 LIBRI
527 2545 581 2597 CX·

73 2633 105 2683 C·
118 2630 213 2681 Czsn
223 2630 418 2693 Massiliamque
430 2638 506 2694 portos
520 2628 563 2692 lpsi
578 2627 695 2678 chutestt,
706 2623 745 2672 cb·

63 2697 147 2749 sedit:
166 2703 197 2751 et,
210 2697 293 2745 relictis
309 2698 333 2744 in
347 2697 462 2745 obsidium
477 2695 537 2742 urbis
551 2695 598 2740 e'us
614 2689 701 2755 legetis.
714 2685 742 2736 C·

73 2760 189 2808 Trebonio
201 2769 225 2811 et
241 2761 275 2813 D.
288 2762 369 2824 Bruto,
384 2760 498 2830 proiectus
513 2761 537 2808 in
555 2709 696 2824 llisptuisun
713 2749 743 2800 l·

108 2837 162 2872 vos.
175 2837 196 2872 r.
497 2828 545 2876 21
