1792 2950
161 145 192 199 r,
203 143 291 194 mvn
306 143 359 192 ma
373 141 499 192 xxm
515 142 581 204 un.
591 147 648 190 sa·
696 145 729 209 rr

66 273 154 320 Urbem
167 289 208 336 per
217 273 338 336 municipia
346 273 532 334 conciliabulaque
541 273 628 326 haberit,
641 271 693 332 quia
702 270 735 317 its

65 339 138 398 aptius
148 338 222 385 visum
233 335 291 398 eret)
303 345 428 384 tenuerunt.
456 337 480 384 si
489 335 676 386 AntiatiValerio
684 350 734 380 ere-

7 403 13 414 '
64 402 116 448 clere
127 403 188 454 libet,
205 402 288 449 adduc
298 403 412 448 hominum
424 403 492 449 millia
502 401 620 448 damnavit.
655 396 731 446 EtL

64 465 197 512 Postumius
207 474 295 527 pretor,
314 467 350 512 oui
360 466 483 513 Tarentum
496 465 609 526 provincia
619 465 731 514 evenerat,

62 545 158 592 magnas
169 538 283 591 pastorum
291 531 453 592 conjurationes
462 531 587 582 vindicavit,
599 537 622 574 et
630 527 732 588 reliquias

63 593 238 642 Bacchanalium
260 595 389 655 quaestionis
410 610 461 640 cum
481 595 541 639 omni
560 600 677 639 exsecutus
695 598 731 638 est

62 657 131 705 euri:
151 659 242 712 multos,
258 660 296 718 qui
307 667 345 704 aut
356 659 416 704 citati
427 673 473 704 non
483 657 597 708 affuerant,
615 664 653 703 aut
664 656 732 703 vades

62 723 215 776 deseruerant,
240 724 263 768 in
288 719 314 769 eri
331 724 422 784 regione
442 721 515 769 Italiae
532 723 631 772 latentes,
651 721 731 781 partim

61 787 265 848 noxiosjudicavit,
283 788 361 847 partim
373 789 543 847 comprehensos
552 785 649 832 Romam
660 784 687 830 ad
696 799 731 830 se-

60 857 141 897 natum
152 851 219 898 misit.
248 850 275 897 In
287 866 396 898 carcerem
407 865 485 896 omnes
495 865 509 897 a
520 849 548 895 P.
559 847 665 898 Cornelio
675 863 730 894 con-

61 915 116 962 'ecti
127 923 186 960 sunt.

32 999 35 1010 ·
56 931 68 978 J
97 977 181 1024 XLII.
195 978 223 1025 In
232 977 343 1040 Hispani&
352 980 463 1033 ulteriore,
474 979 549 1025 naeus
560 979 662 1040 proximo
671 977 729 1024 bello

62 1042 187 1096 Lusitanis,
204 1044 285 1104 quietae
302 1059 337 1090 res
352 1043 457 1090 fuerunt:
479 1045 503 1089 in
522 1044 623 1089 citeriore
639 1042 671 1088 Δ.
682 1039 729 1088 Te-

62 1109 148 1154 rentius
162 1108 185 1153 in
201 1108 340 1154 Suessetanis
354 1105 458 1169 oppidum
474 1106 608 1155 Corbionem
622 1106 694 1152 vinds
706 1113 730 1152 et

62 1173 165 1234 operibus
173 1172 318 1234 expugnavit,
329 1173 428 1233 captivos
436 1171 541 1228 uendidit.
560 1171 643 1224 Quieta
650 1170 730 1216 deinde

60 1237 153 1284 hiberna
170 1243 192 1282 et
209 1235 297 1282 citerior
314 1236 426 1296 provincia
441 1237 524 1281 habuit.
559 1233 654 1280 Veteres
670 1249 729 1294 prae-

60 1308 128 1354 tores,
147 1298 176 1348 C.
196 1298 329 1360 Calpurnius
345 1299 398 1345 Piso
412 1307 435 1346 et
450 1298 478 1344 L.
497 1299 612 1352 Quintius,
630 1297 728 1344 Romam

61 1365 186 1412 redierunt:
207 1365 294 1426 utrique
310 1379 392 1426 magno
409 1363 502 1419 Patrum
521 1377 631 1408 consensu
650 1361 729 1406 trium-

60 1431 120 1492 phus
130 1435 165 1476 est
175 1429 282 1477 decretus.
314 1427 378 1474 Prior
390 1425 418 1474 C.
431 1426 565 1489 Calpurnius
575 1426 603 1471 de
613 1424 728 1470 Lusitanis

61 1502 86 1545 et
102 1492 219 1541 Celtiberis
233 1494 388 1555 triumphavit:
408 1506 503 1537 coronas
514 1505 590 1537 aureas
604 1490 654 1535 tulit
664 1495 730 1535 octo-

60 1560 127 1622 ginta
137 1564 188 1609 tres.
201 1557 349 1605 etduodecim
357 1556 425 1602 millia
433 1555 507 1617 pondo
517 1554 610 1615 argenti.
641 1552 728 1599 Paucos
794 1591 796 1595 ,

59 1630 113 1684 post
128 1622 175 1669 dies
189 1620 216 1667 L
229 1622 335 1676 Quintius
350 1620 468 1681 Crispinus
482 1634 510 1665 ex
524 1619 602 1665 iisdem
613 1616 729 1664 Lusitanis

60 1686 222 1747 Celtiberisque
234 1686 388 1747 triumphavit:
409 1684 546 1731 tantumdem
556 1683 604 1729 auri
614 1689 681 1743 atque
691 1697 728 1729 ar-

57 1753 123 1815 genti
133 1752 157 1797 in
168 1767 195 1797 eo
206 1752 317 1811 triumpho
328 1750 465 1796 translatum.
490 1747 609 1801 Censores,
621 1746 657 1793 Μ.
669 1746 728 1795 Por-

58 1816 107 1863 cius
125 1826 148 1862 et
165 1814 195 1860 L.
211 1814 319 1866 Valerius,
338 1822 398 1860 metu
415 1812 486 1859 mixti
501 1813 673 1874 exspectatione,
691 1828 727 1858 se-

57 1888 138 1927 natum
146 1880 261 1939 legenmt:
280 1887 364 1939 septem
376 1885 494 1924 moverunt
504 1885 596 1934 senatu3
608 1875 726 1937 exquibus

58 1960 130 1995 unum
140 1942 250 2005 insignem
265 1951 288 1989 et
303 1942 414 1988 nobilitate
429 1950 452 1988 et
462 1942 588 1994 bonoribus,
606 1939 637 1987 L
651 1939 726 1993 Quin-

57 2010 114 2055 tium
127 2006 277 2055 Flamininum
289 2007 433 2053 consularem.
470 2006 563 2051 Petrum
574 2002 680 2050 memorial
689 2005 725 2051 in-
739 2038 744 2050 .
763 2059 765 2070 Ι

57 2075 161 2119 stitutum
173 2072 250 2124 fertur,
264 2078 288 2116 ut
298 2086 401 2117 censores
411 2072 478 2117 motis
489 2077 566 2116 senatu
577 2068 726 2115 adscriberent

56 2146 128 2183 notas.
166 2134 260 2183 Catonis
273 2143 295 2181 et
310 2135 358 2181 aliae
370 2135 457 2196 quidem
467 2135 552 2181 aeerbae
563 2133 674 2178 orationes
684 2146 726 2177 ex-

57 2208 117 2249 stant
127 2202 150 2247 in
162 2214 208 2247 eos.
221 2214 277 2259 quos
285 2206 323 2243 aut
331 2199 440 2245 senatorio
448 2199 498 2244 loco
507 2197 585 2248 movit,
596 2202 635 2240 aut
645 2195 726 2254 quibus

56 2281 126 2326 equos
136 2265 232 2311 ademit:
252 2263 319 2324 longe
330 2264 461 2325 gravissima
470 2263 493 2310 in
505 2260 533 2306 L.
546 2258 665 2313 Quintium
676 2273 726 2304 ora·

56 2331 88 2377 tio
99 2337 140 2381 est,
158 2327 203 2389 qui
214 2328 231 2373 si
244 2334 357 2373 accusator
368 2335 420 2373 ante
430 2334 513 2376 notam,
526 2338 571 2369 non
583 2336 662 2368 censor
671 2328 724 2383 post

55 2402 139 2447 notam,
159 2407 213 2438 usus
228 2399 295 2444 esset,
313 2392 407 2437 retinere
427 2388 545 2442 Quintium
561 2387 585 2431 in
601 2391 680 2431 senatu
695 2400 725 2432 ne

54 2458 123 2505 frater
133 2450 223 2517 quidem
235 2455 263 2502 T.
279 2454 391 2509 Quintius,
410 2454 490 2499 situm
506 2465 585 2497 censor
599 2456 666 2503 esset,
682 2465 726 2512 po-

55 2523 141 2569 tuisset.
178 2518 241 2566 Inter
252 2527 333 2566 caetera
343 2518 422 2580 objecit
433 2517 461 2568 ei,
479 2513 606 2575 Philippum
617 2511 724 2567 Poenum,

55 2602 131 2632 carum
146 2600 173 2631 ao
187 2584 261 2631 nobile
276 2590 381 2634 scortum,
398 2582 425 2627 ab
440 2577 516 2626 Romi
529 2580 552 2623 in
563 2577 661 2625 Galliam
670 2593 725 2639 pro·

53 2650 150 2709 undam
160 2664 209 2712 ,spe
227 2648 353 2713 ingentium
371 2642 644 2712 donorum-perductum:
667 2656 721 2706 eum
