<?xml version="1.0" encoding="UTF-8"?>
<!DOCTYPE html PUBLIC "-//W3C//DTD XHTML 1.0 Transitional//EN"
    "http://www.w3.org/TR/xhtml1/DTD/xhtml1-transitional.dtd">
<html xmlns="http://www.w3.org/1999/xhtml" xml:lang="en" lang="en">
 <head>
  <title>
</title>
<meta http-equiv="Content-Type" content="text/html;charset=utf-8" />
  <meta name='ocr-system' content='tesseract 3.04.00' />
  <meta name='ocr-capabilities' content='ocr_page ocr_carea ocr_par ocr_line ocrx_word'/>
</head>
<body>
  <div class='ocr_page' id='page_1' title='image "./tliviipatavinih00caregoog_0220.png"; bbox 0 0 1792 2950; ppageno 0'>
   <div class='ocr_carea' id='block_1_1' title="bbox 177 133 732 225">
    <p class='ocr_par' dir='ltr' id='par_1_1' title="bbox 177 133 732 225">
     <span class='ocr_line' id='line_1_1' title="bbox 177 133 732 225; baseline 0.016 -9.115"><span class='ocrx_word' id='word_1_1' title='bbox 177 144 315 217; x_wconf 69' lang='grc' dir='ltr'><strong>ιιιίνιι</strong></span> <span class='ocrx_word' id='word_1_2' title='bbox 331 165 383 218; x_wconf 64' lang='grc' dir='ltr'><strong>ιιι</strong></span> <span class='ocrx_word' id='word_1_3' title='bbox 397 133 480 219; x_wconf 77' lang='lat' dir='ltr'><strong>nain</strong></span> <span class='ocrx_word' id='word_1_4' title='bbox 500 170 559 221; x_wconf 65' lang='lat' dir='ltr'><strong>cn.</strong></span> <span class='ocrx_word' id='word_1_5' title='bbox 573 176 613 221; x_wconf 77' lang='grc' dir='ltr'><strong>ιι.</strong></span> <span class='ocrx_word' id='word_1_6' title='bbox 676 172 732 225; x_wconf 83' lang='lat' dir='ltr'><strong>ano</strong></span> 
     </span>
    </p>
   </div>
   <div class='ocr_carea' id='block_1_2' title="bbox 15 291 737 420">
    <p class='ocr_par' dir='ltr' id='par_1_2' title="bbox 15 291 737 420">
     <span class='ocr_line' id='line_1_2' title="bbox 15 291 737 367; baseline 0.007 -22"><span class='ocrx_word' id='word_1_7' title='bbox 15 295 67 329; x_wconf 64' lang='lat'><em>⁹</em></span> <span class='ocrx_word' id='word_1_8' title='bbox 58 300 150 360; x_wconf 68' lang='lat' dir='ltr'><strong>Alope</strong></span> <span class='ocrx_word' id='word_1_9' title='bbox 158 297 229 361; x_wconf 69' lang='lat' dir='ltr'><strong>mota</strong></span> <span class='ocrx_word' id='word_1_10' title='bbox 242 297 338 353; x_wconf 64' lang='lat' dir='ltr'><strong>Lunna</strong></span> <span class='ocrx_word' id='word_1_11' title='bbox 355 314 407 361; x_wconf 77' lang='lat' dir='ltr'><strong>quse</strong></span> <span class='ocrx_word' id='word_1_12' title='bbox 416 291 535 349; x_wconf 72' lang='lat' dir='ltr'>Cremaste</span> <span class='ocrx_word' id='word_1_13' title='bbox 544 302 631 356; x_wconf 78' lang='lat' dir='ltr'><strong>dieitur,</strong></span> <span class='ocrx_word' id='word_1_14' title='bbox 649 310 737 367; x_wconf 77' lang='lat' dir='ltr'><strong>oppug-</strong></span> 
     </span>
     <span class='ocr_line' id='line_1_3' title="bbox 75 361 736 420; baseline 0.009 -11"><span class='ocrx_word' id='word_1_15' title='bbox 75 362 134 409; x_wconf 62' lang='lat' dir='ltr'><strong>mti„</strong></span> <span class='ocrx_word' id='word_1_16' title='bbox 167 361 228 411; x_wconf 81' lang='lat' dir='ltr'><strong>Cum</strong></span> <span class='ocrx_word' id='word_1_17' title='bbox 236 364 273 409; x_wconf 78' lang='lat' dir='ltr'><strong>hic</strong></span> <span class='ocrx_word' id='word_1_18' title='bbox 284 364 385 414; x_wconf 80' lang='lat' dir='ltr'><strong>statusin</strong></span> <span class='ocrx_word' id='word_1_19' title='bbox 393 364 556 420; x_wconf 74' lang='lat' dir='ltr'><strong>Boeotiiesset,</strong></span> <span class='ocrx_word' id='word_1_20' title='bbox 569 366 672 420; x_wconf 83' lang='lat' dir='ltr'><strong>Perseus,</strong></span> <span class='ocrx_word' id='word_1_21' title='bbox 684 382 736 415; x_wconf 86' lang='lat' dir='ltr'><strong>oum</strong></span> 
     </span>
    </p>
   </div>
   <div class='ocr_carea' id='block_1_3' title="bbox 57 428 738 829">
    <p class='ocr_par' dir='ltr' id='par_1_3' title="bbox 58 428 738 812">
     <span class='ocr_line' id='line_1_4' title="bbox 73 428 735 491; baseline 0.008 -18"><span class='ocrx_word' id='word_1_22' title='bbox 73 428 104 473; x_wconf 75' lang='lat' dir='ltr'><strong>ud</strong></span> <span class='ocrx_word' id='word_1_23' title='bbox 116 428 233 487; x_wconf 71' lang='lat' dir='ltr'><strong>Sycurium</strong></span> <span class='ocrx_word' id='word_1_24' title='bbox 249 428 319 491; x_wconf 86' lang='lat' dir='ltr'><strong>(sieut</strong></span> <span class='ocrx_word' id='word_1_25' title='bbox 333 434 384 474; x_wconf 85' lang='lat' dir='ltr'><strong>unte</strong></span> <span class='ocrx_word' id='word_1_26' title='bbox 399 428 536 489; x_wconf 83' lang='lat' dir='ltr'><strong>dictumest)</strong></span> <span class='ocrx_word' id='word_1_27' title='bbox 548 432 735 487; x_wconf 79' lang='lat' dir='ltr'><strong>statiuaheberet,</strong></span> 
     </span>
     <span class='ocr_line' id='line_1_5' title="bbox 69 492 738 553; baseline 0.009 -16"><span class='ocrx_word' id='word_1_28' title='bbox 69 492 186 537; x_wconf 82' lang='lat' dir='ltr'><strong>frumento</strong></span> <span class='ocrx_word' id='word_1_29' title='bbox 194 492 320 551; x_wconf 70' lang='lat' dir='ltr'><strong>maique·</strong></span> <span class='ocrx_word' id='word_1_30' title='bbox 300 507 359 538; x_wconf 83' lang='lat' dir='ltr'><strong>mroa</strong></span> <span class='ocrx_word' id='word_1_31' title='bbox 368 508 398 539; x_wconf 87' lang='lat' dir='ltr'><strong>ex</strong></span> <span class='ocrx_word' id='word_1_32' title='bbox 407 494 468 553; x_wconf 82' lang='lat' dir='ltr'><strong>agris</strong></span> <span class='ocrx_word' id='word_1_33' title='bbox 475 502 592 548; x_wconf 82' lang='lat' dir='ltr'><strong>convecto,</strong></span> <span class='ocrx_word' id='word_1_34' title='bbox 609 495 637 542; x_wconf 85' lang='lat' dir='ltr'><strong>ad</strong></span> <span class='ocrx_word' id='word_1_35' title='bbox 647 502 738 543; x_wconf 59' lang='lat' dir='ltr'><strong>vuum·</strong></span> 
     </span>
     <span class='ocr_line' id='line_1_6' title="bbox 58 554 738 621; baseline 0.009 -20"><span class='ocrx_word' id='word_1_36' title='bbox 58 557 128 602; x_wconf 67' lang='lat' dir='ltr'><strong>mm</strong></span> <span class='ocrx_word' id='word_1_37' title='bbox 138 570 218 617; x_wconf 79' lang='lat' dir='ltr'><strong>ugrum</strong></span> <span class='ocrx_word' id='word_1_38' title='bbox 229 554 373 601; x_wconf 80' lang='lat' dir='ltr'><strong>Pheraeorum</strong></span> <span class='ocrx_word' id='word_1_39' title='bbox 384 558 458 614; x_wconf 82' lang='lat' dir='ltr'>misit,</span> <span class='ocrx_word' id='word_1_40' title='bbox 475 566 535 605; x_wconf 85' lang='lat' dir='ltr'><strong>rstus</strong></span> <span class='ocrx_word' id='word_1_41' title='bbox 546 560 573 605; x_wconf 82' lang='lat' dir='ltr'><strong>sd</strong></span> <span class='ocrx_word' id='word_1_42' title='bbox 579 560 696 621; x_wconf 86' lang='lat' dir='ltr'><strong>juvandas</strong></span> <span class='ocrx_word' id='word_1_43' title='bbox 699 574 738 607; x_wconf 84' lang='lat' dir='ltr'><strong>so·</strong></span> 
     </span>
     <span class='ocr_line' id='line_1_7' title="bbox 57 620 737 685; baseline 0.006 -18.072"><span class='ocrx_word' id='word_1_44' title='bbox 57 621 159 667; x_wconf 86' lang='lat' dir='ltr'><strong>·eiorum</strong></span> <span class='ocrx_word' id='word_1_45' title='bbox 170 620 234 665; x_wconf 82' lang='lat' dir='ltr'><strong>urbes</strong></span> <span class='ocrx_word' id='word_1_46' title='bbox 244 620 333 681; x_wconf 83' lang='lat' dir='ltr'><strong>longius</strong></span> <span class='ocrx_word' id='word_1_47' title='bbox 348 623 375 667; x_wconf 89' lang='lat' dir='ltr'><strong>ab</strong></span> <span class='ocrx_word' id='word_1_48' title='bbox 386 622 465 667; x_wconf 81' lang='lat' dir='ltr'><strong>sustris</strong></span> <span class='ocrx_word' id='word_1_49' title='bbox 475 624 595 669; x_wconf 67' lang='lat' dir='ltr'><strong>abnmctos</strong></span> <span class='ocrx_word' id='word_1_50' title='bbox 605 624 737 685; x_wconf 81' lang='lat' dir='ltr'>deprehendi</span> 
     </span>
     <span class='ocr_line' id='line_1_8' title="bbox 59 684 737 744; baseline 0.007 -15.082"><span class='ocrx_word' id='word_1_51' title='bbox 59 684 192 730; x_wconf 83' lang='lat' dir='ltr'><strong>Romanos</strong></span> <span class='ocrx_word' id='word_1_52' title='bbox 207 698 286 744; x_wconf 87' lang='lat' dir='ltr'><strong>posse.</strong></span> <span class='ocrx_word' id='word_1_53' title='bbox 306 699 425 744; x_wconf 79' lang='lat' dir='ltr'><strong>quoscum</strong></span> <span class='ocrx_word' id='word_1_54' title='bbox 440 702 468 732; x_wconf 92' lang='lat' dir='ltr'><strong>eo</strong></span> <span class='ocrx_word' id='word_1_55' title='bbox 485 688 581 733; x_wconf 86' lang='lat' dir='ltr'><strong>tumultu</strong></span> <span class='ocrx_word' id='word_1_56' title='bbox 595 688 649 733; x_wconf 88' lang='lat' dir='ltr'><strong>nihil</strong></span> <span class='ocrx_word' id='word_1_57' title='bbox 663 695 737 735; x_wconf 85' lang='lat' dir='ltr'><strong>motos</strong></span> 
     </span>
     <span class='ocr_line' id='line_1_9' title="bbox 68 748 736 829; baseline 0.006 -36"><span class='ocrx_word' id='word_1_58' title='bbox 68 748 270 801; x_wconf 81' lang='lat' dir='ltr'><strong>animadvertisset,</strong></span> <span class='ocrx_word' id='word_1_59' title='bbox 286 750 384 810; x_wconf 69' lang='lat' dir='ltr'><strong>predam</strong></span> <span class='ocrx_word' id='word_1_60' title='bbox 395 750 490 809; x_wconf 87' lang='lat' dir='ltr'><strong>quidem,</strong></span> <span class='ocrx_word' id='word_1_61' title='bbox 493 758 652 829; x_wconf 73' lang='lat' dir='ltr'>praeterquam</span> <span class='ocrx_word' id='word_1_62' title='bbox 663 752 736 798; x_wconf 86' lang='lat' dir='ltr'><strong>homi-</strong></span> 
     </span>
    </p>
   </div>
   <div class='ocr_carea' id='block_1_4' title="bbox 59 813 801 2784">
    <p class='ocr_par' dir='ltr' id='par_1_4' title="bbox 59 813 801 2784">
     <span class='ocr_line' id='line_1_10' title="bbox 69 813 737 877; baseline 0.009 -20"><span class='ocrx_word' id='word_1_63' title='bbox 69 826 137 865; x_wconf 83' lang='lat' dir='ltr'><strong>num,</strong></span> <span class='ocrx_word' id='word_1_64' title='bbox 143 813 240 872; x_wconf 84' lang='lat' dir='ltr'><strong>(peoora</strong></span> <span class='ocrx_word' id='word_1_65' title='bbox 250 819 324 858; x_wconf 85' lang='lat' dir='ltr'><strong>nutem</strong></span> <span class='ocrx_word' id='word_1_66' title='bbox 335 814 431 859; x_wconf 85' lang='lat' dir='ltr'><strong>maxime</strong></span> <span class='ocrx_word' id='word_1_67' title='bbox 438 816 511 860; x_wconf 86' lang='lat' dir='ltr'><strong>omnis</strong></span> <span class='ocrx_word' id='word_1_68' title='bbox 522 817 610 877; x_wconf 87' lang='lat' dir='ltr'><strong>generis</strong></span> <span class='ocrx_word' id='word_1_69' title='bbox 617 813 691 877; x_wconf 85' lang='lat' dir='ltr'><strong>luere)</strong></span> <span class='ocrx_word' id='word_1_70' title='bbox 701 816 737 863; x_wconf 88' lang='lat' dir='ltr'><strong>‹li-</strong></span> 
     </span>
     <span class='ocr_line' id='line_1_11' title="bbox 59 876 430 936; baseline 0.003 -14"><span class='ocrx_word' id='word_1_71' title='bbox 59 876 129 922; x_wconf 54' lang='lat' dir='ltr'><strong>(visit</strong></span> <span class='ocrx_word' id='word_1_72' title='bbox 139 876 168 920; x_wconf 81' lang='lat' dir='ltr'><strong>ad</strong></span> <span class='ocrx_word' id='word_1_73' title='bbox 177 876 308 936; x_wconf 72' lang='lat' dir='ltr'><strong>epulandum</strong></span> <span class='ocrx_word' id='word_1_74' title='bbox 318 878 430 923; x_wconf 78' lang='lat' dir='ltr'><strong>militibus.</strong></span> 
     </span>
     <span class='ocr_line' id='line_1_12' title="bbox 109 937 737 1004; baseline 0.008 -20"><span class='ocrx_word' id='word_1_75' title='bbox 109 937 191 984; x_wconf 74' lang='lat' dir='ltr'><strong>nvn.</strong></span> <span class='ocrx_word' id='word_1_76' title='bbox 209 940 254 987; x_wconf 85' lang='lat' dir='ltr'><strong>Sub</strong></span> <span class='ocrx_word' id='word_1_77' title='bbox 263 941 322 987; x_wconf 68' lang='lat' dir='ltr'><strong>iden</strong></span> <span class='ocrx_word' id='word_1_78' title='bbox 330 941 411 988; x_wconf 61' lang='lat' dir='ltr'><strong>dende</strong></span> <span class='ocrx_word' id='word_1_79' title='bbox 421 949 508 1004; x_wconf 85' lang='lat' dir='ltr'><strong>tempus</strong></span> <span class='ocrx_word' id='word_1_80' title='bbox 518 945 633 991; x_wconf 80' lang='lat' dir='ltr'><strong>eonsilium</strong></span> <span class='ocrx_word' id='word_1_81' title='bbox 648 951 670 991; x_wconf 88' lang='lat' dir='ltr'><strong>et</strong></span> <span class='ocrx_word' id='word_1_82' title='bbox 681 942 737 991; x_wconf 76' lang='lat' dir='ltr'><strong>coir·-</strong></span> 
     </span>
     <span class='ocr_line' id='line_1_13' title="bbox 71 1004 801 1070; baseline 0.012 -20"><span class='ocrx_word' id='word_1_83' title='bbox 71 1004 190 1050; x_wconf 81' lang='lat' dir='ltr'><strong>suletrex</strong></span> <span class='ocrx_word' id='word_1_84' title='bbox 199 1004 327 1058; x_wconf 84' lang='lat' dir='ltr'><strong>habuerunt,</strong></span> <span class='ocrx_word' id='word_1_85' title='bbox 338 1007 397 1053; x_wconf 84' lang='lat' dir='ltr'><strong>unde</strong></span> <span class='ocrx_word' id='word_1_86' title='bbox 406 1007 488 1053; x_wconf 88' lang='lat' dir='ltr'><strong>bellum</strong></span> <span class='ocrx_word' id='word_1_87' title='bbox 499 1009 630 1055; x_wconf 82' lang='lat' dir='ltr'><strong>ordirentur.</strong></span> <span class='ocrx_word' id='word_1_88' title='bbox 663 1008 736 1070; x_wconf 80' lang='lat' dir='ltr'><strong>Regis</strong></span> <span class='ocrx_word' id='word_1_89' title='bbox 799 1054 801 1059; x_wconf 84' lang='lat'><em>.</em></span> 
     </span>
     <span class='ocr_line' id='line_1_14' title="bbox 70 1068 737 1119; baseline 0.006 -4"><span class='ocrx_word' id='word_1_90' title='bbox 70 1074 192 1115; x_wconf 72' lang='lat' dir='ltr'><strong>creveram</strong></span> <span class='ocrx_word' id='word_1_91' title='bbox 199 1070 266 1114; x_wconf 82' lang='lat' dir='ltr'><strong>animi</strong></span> <span class='ocrx_word' id='word_1_92' title='bbox 274 1071 397 1117; x_wconf 70' lang='lat' dir='ltr'><strong>nutatione</strong></span> <span class='ocrx_word' id='word_1_93' title='bbox 403 1085 510 1117; x_wconf 82' lang='lat' dir='ltr'><strong>concessa</strong></span> <span class='ocrx_word' id='word_1_94' title='bbox 495 1068 557 1117; x_wconf 89' lang='lat' dir='ltr'><strong>sibi</strong></span> <span class='ocrx_word' id='word_1_95' title='bbox 564 1074 592 1117; x_wconf 88' lang='lat' dir='ltr'><strong>ab</strong></span> <span class='ocrx_word' id='word_1_96' title='bbox 602 1073 673 1119; x_wconf 88' lang='lat' dir='ltr'><strong>hoste</strong></span> <span class='ocrx_word' id='word_1_97' title='bbox 677 1072 737 1119; x_wconf 81' lang='lat' dir='ltr'><strong>Pire-</strong></span> 
     </span>
     <span class='ocr_line' id='line_1_15' title="bbox 70 1132 737 1193; baseline 0.004 -14"><span class='ocrx_word' id='word_1_98' title='bbox 70 1132 113 1179; x_wconf 77' lang='lat' dir='ltr'><strong>raei</strong></span> <span class='ocrx_word' id='word_1_99' title='bbox 124 1132 185 1193; x_wconf 81' lang='lat' dir='ltr'><strong>agri.</strong></span> <span class='ocrx_word' id='word_1_100' title='bbox 203 1133 278 1193; x_wconf 80' lang='lat' dir='ltr'><strong>itaque</strong></span> <span class='ocrx_word' id='word_1_101' title='bbox 287 1134 383 1179; x_wconf 88' lang='lat' dir='ltr'><strong>eundum</strong></span> <span class='ocrx_word' id='word_1_102' title='bbox 393 1135 445 1180; x_wconf 84' lang='lat' dir='ltr'><strong>inde</strong></span> <span class='ocrx_word' id='word_1_103' title='bbox 456 1134 483 1179; x_wconf 87' lang='lat' dir='ltr'><strong>ad</strong></span> <span class='ocrx_word' id='word_1_104' title='bbox 493 1142 571 1189; x_wconf 83' lang='lat' dir='ltr'><strong>castra,</strong></span> <span class='ocrx_word' id='word_1_105' title='bbox 588 1150 630 1181; x_wconf 86' lang='lat' dir='ltr'><strong>nee</strong></span> <span class='ocrx_word' id='word_1_106' title='bbox 641 1135 737 1182; x_wconf 84' lang='lat' dir='ltr'><strong>dandum</strong></span> 
     </span>
     <span class='ocr_line' id='line_1_16' title="bbox 68 1196 739 1257; baseline 0.005 -15"><span class='ocrx_word' id='word_1_107' title='bbox 68 1196 132 1243; x_wconf 84' lang='lat' dir='ltr'><strong>ultra</strong></span> <span class='ocrx_word' id='word_1_108' title='bbox 143 1196 239 1257; x_wconf 78' lang='lat' dir='ltr'><strong>spatium</strong></span> <span class='ocrx_word' id='word_1_109' title='bbox 249 1198 372 1251; x_wconf 77' lang='lat' dir='ltr'><strong>mmotandi,</strong></span> <span class='ocrx_word' id='word_1_110' title='bbox 390 1198 500 1244; x_wconf 76' lang='lat' dir='ltr'><strong>censebat.</strong></span> <span class='ocrx_word' id='word_1_111' title='bbox 535 1198 568 1244; x_wconf 84' lang='lat' dir='ltr'><strong>Et</strong></span> <span class='ocrx_word' id='word_1_112' title='bbox 576 1197 673 1244; x_wconf 85' lang='lat' dir='ltr'><strong>Romam</strong></span> <span class='ocrx_word' id='word_1_113' title='bbox 684 1216 739 1247; x_wconf 85' lang='lat' dir='ltr'><strong>oen-</strong></span> 
     </span>
     <span class='ocr_line' id='line_1_17' title="bbox 69 1261 736 1336; baseline -0.003 -26"><span class='ocrx_word' id='word_1_114' title='bbox 69 1262 158 1313; x_wconf 70' lang='lat' dir='ltr'><strong>nebunt,</strong></span> <span class='ocrx_word' id='word_1_115' title='bbox 170 1261 332 1336; x_wconf 77' lang='lat' dir='ltr'><strong>cunctationem</strong></span> <span class='ocrx_word' id='word_1_116' title='bbox 341 1276 403 1307; x_wconf 83' lang='lat' dir='ltr'><strong>suam</strong></span> <span class='ocrx_word' id='word_1_117' title='bbox 413 1261 519 1307; x_wconf 84' lang='lat' dir='ltr'><strong>infamem</strong></span> <span class='ocrx_word' id='word_1_118' title='bbox 529 1262 587 1323; x_wconf 88' lang='lat' dir='ltr'><strong>apud</strong></span> <span class='ocrx_word' id='word_1_119' title='bbox 598 1263 669 1308; x_wconf 83' lang='lat' dir='ltr'><strong>socios</strong></span> <span class='ocrx_word' id='word_1_120' title='bbox 680 1278 736 1317; x_wconf 83' lang='lat' dir='ltr'><strong>esse,</strong></span> 
     </span>
     <span class='ocr_line' id='line_1_18' title="bbox 68 1325 739 1387; baseline 0 -16"><span class='ocrx_word' id='word_1_121' title='bbox 68 1326 321 1387; x_wconf 80' lang='lat' dir='ltr'><strong>maximoperendrgn</strong></span> <span class='ocrx_word' id='word_1_122' title='bbox 245 1325 321 1387; x_wconf 74' lang='lat' dir='ltr'><strong>indign</strong></span> <span class='ocrx_word' id='word_1_123' title='bbox 322 1340 336 1371; x_wconf 92' lang='lat' dir='ltr'><strong>e</strong></span> <span class='ocrx_word' id='word_1_124' title='bbox 355 1325 459 1379; x_wconf 83' lang='lat' dir='ltr'><strong>ferentes,</strong></span> <span class='ocrx_word' id='word_1_125' title='bbox 482 1340 528 1371; x_wconf 93' lang='lat' dir='ltr'><strong>uon</strong></span> <span class='ocrx_word' id='word_1_126' title='bbox 549 1327 615 1371; x_wconf 82' lang='lat' dir='ltr'><strong>latam</strong></span> <span class='ocrx_word' id='word_1_127' title='bbox 638 1325 739 1373; x_wconf 81' lang='lat' dir='ltr'><strong>Pheraeis</strong></span> 
     </span>
     <span class='ocr_line' id='line_1_19' title="bbox 61 1386 737 1451; baseline 0 -16"><span class='ocrx_word' id='word_1_128' title='bbox 61 1404 86 1435; x_wconf 50' lang='lat' dir='ltr'><strong>»o</strong></span> <span class='ocrx_word' id='word_1_129' title='bbox 86 1386 364 1451; x_wconf 76' lang='lat' dir='ltr'><strong>pemconsrnlteutibus,</strong></span> <span class='ocrx_word' id='word_1_130' title='bbox 376 1390 429 1450; x_wconf 91' lang='lat' dir='ltr'><strong>quid</strong></span> <span class='ocrx_word' id='word_1_131' title='bbox 506 1396 538 1443; x_wconf 74' lang='lat' dir='ltr'><strong>nt,</strong></span> <span class='ocrx_word' id='word_1_132' title='bbox 552 1389 652 1451; x_wconf 81' lang='lat' dir='ltr'><strong>(aderant</strong></span> <span class='ocrx_word' id='word_1_133' title='bbox 663 1396 737 1435; x_wconf 86' lang='lat' dir='ltr'><strong>autem</strong></span> 
     </span>
     <span class='ocr_line' id='line_1_20' title="bbox 62 1390 738 1530; baseline -0.001 -30"><span class='ocrx_word' id='word_1_134' title='bbox 62 1404 190 1501; x_wconf 54' lang='lat' dir='ltr'><strong>‘ollumenes</strong></span> <span class='ocrx_word' id='word_1_135' title='bbox 200 1458 223 1500; x_wconf 89' lang='lat' dir='ltr'><strong>et</strong></span> <span class='ocrx_word' id='word_1_136' title='bbox 234 1452 340 1500; x_wconf 79' lang='lat' dir='ltr'><strong>Attalus</strong></span> <span class='ocrx_word' id='word_1_137' title='bbox 334 1468 358 1500; x_wconf 91' lang='grc' dir='ltr'><strong>ιιι</strong></span> <span class='ocrx_word' id='word_1_138' title='bbox 368 1390 584 1530; x_wconf 54' lang='lat' dir='ltr'><strong>qonsillffiepidus</strong></span> <span class='ocrx_word' id='word_1_139' title='bbox 598 1453 689 1500; x_wconf 89' lang='lat' dir='ltr'><strong>nuntius</strong></span> <span class='ocrx_word' id='word_1_140' title='bbox 704 1452 738 1500; x_wconf 88' lang='lat' dir='ltr'><strong>ui·</strong></span> 
     </span>
     <span class='ocr_line' id='line_1_21' title="bbox 62 1516 737 1594; baseline 0.002 -31"><span class='ocrx_word' id='word_1_141' title='bbox 62 1517 123 1594; x_wconf 62' lang='lat' dir='ltr'><strong>*fert</strong></span> <span class='ocrx_word' id='word_1_142' title='bbox 132 1519 220 1563; x_wconf 88' lang='lat' dir='ltr'><strong>hostem</strong></span> <span class='ocrx_word' id='word_1_143' title='bbox 228 1522 311 1580; x_wconf 68' lang='lat' dir='ltr'><strong>magno</strong></span> <span class='ocrx_word' id='word_1_144' title='bbox 319 1519 500 1580; x_wconf 73' lang='lat' dir='ltr'><strong>agminendesse.</strong></span> <span class='ocrx_word' id='word_1_145' title='bbox 528 1516 628 1566; x_wconf 87' lang='lat' dir='ltr'><strong>Consilio</strong></span> <span class='ocrx_word' id='word_1_146' title='bbox 638 1518 737 1572; x_wconf 86' lang='lat' dir='ltr'><strong>dimisso,</strong></span> 
     </span>
     <span class='ocr_line' id='line_1_22' title="bbox 60 1580 793 1658; baseline 0 -30"><span class='ocrx_word' id='word_1_147' title='bbox 60 1582 164 1643; x_wconf 73' lang='lat' dir='ltr'><strong>siguum</strong></span> <span class='ocrx_word' id='word_1_148' title='bbox 182 1583 295 1658; x_wconf 81' lang='lat' dir='ltr'><strong>extemplo</strong></span> <span class='ocrx_word' id='word_1_149' title='bbox 310 1583 381 1637; x_wconf 77' lang='lat' dir='ltr'><strong>(intur,</strong></span> <span class='ocrx_word' id='word_1_150' title='bbox 398 1590 424 1629; x_wconf 91' lang='lat' dir='ltr'><strong>ut</strong></span> <span class='ocrx_word' id='word_1_151' title='bbox 438 1597 499 1629; x_wconf 81' lang='lat' dir='ltr'><strong>unna</strong></span> <span class='ocrx_word' id='word_1_152' title='bbox 515 1583 608 1644; x_wconf 84' lang='lat' dir='ltr'><strong>capiant.</strong></span> <span class='ocrx_word' id='word_1_153' title='bbox 644 1580 737 1628; x_wconf 85' lang='lat' dir='ltr'><strong>Interim</strong></span> <span class='ocrx_word' id='word_1_154' title='bbox 791 1631 793 1639; x_wconf 25' lang='lat' dir='ltr'><strong><em>s</em></strong></span> 
     </span>
     <span class='ocr_line' id='line_1_23' title="bbox 68 1646 739 1708; baseline 0 -16"><span class='ocrx_word' id='word_1_155' title='bbox 68 1647 153 1708; x_wconf 80' lang='lat' dir='ltr'><strong>plaeet,</strong></span> <span class='ocrx_word' id='word_1_156' title='bbox 165 1660 194 1692; x_wconf 87' lang='lat' dir='ltr'><strong>ex</strong></span> <span class='ocrx_word' id='word_1_157' title='bbox 208 1646 276 1706; x_wconf 82' lang='lat' dir='ltr'><strong>regiis</strong></span> <span class='ocrx_word' id='word_1_158' title='bbox 285 1647 371 1693; x_wconf 76' lang='lat' dir='ltr'><strong>asrxiliis</strong></span> <span class='ocrx_word' id='word_1_159' title='bbox 382 1654 471 1693; x_wconf 85' lang='lat' dir='ltr'><strong>centum</strong></span> <span class='ocrx_word' id='word_1_160' title='bbox 482 1649 567 1708; x_wconf 80' lang='lat' dir='ltr'><strong>equites</strong></span> <span class='ocrx_word' id='word_1_161' title='bbox 577 1655 600 1694; x_wconf 87' lang='lat' dir='ltr'><strong>et</strong></span> <span class='ocrx_word' id='word_1_162' title='bbox 610 1661 685 1708; x_wconf 86' lang='lat' dir='ltr'><strong>parem</strong></span> <span class='ocrx_word' id='word_1_163' title='bbox 697 1661 739 1692; x_wconf 91' lang='lat' dir='ltr'><strong>nu-</strong></span> 
     </span>
     <span class='ocr_line' id='line_1_24' title="bbox 60 1709 739 1772; baseline 0.003 -16.027"><span class='ocrx_word' id='word_1_164' title='bbox 60 1725 161 1756; x_wconf 86' lang='lat' dir='ltr'><strong>merum</strong></span> <span class='ocrx_word' id='word_1_165' title='bbox 175 1710 323 1771; x_wconf 76' lang='lat' dir='ltr'><strong>jaculatomm</strong></span> <span class='ocrx_word' id='word_1_166' title='bbox 341 1712 440 1772; x_wconf 85' lang='lat' dir='ltr'><strong>peditum</strong></span> <span class='ocrx_word' id='word_1_167' title='bbox 462 1713 528 1758; x_wconf 83' lang='lat' dir='ltr'><strong>exire</strong></span> <span class='ocrx_word' id='word_1_168' title='bbox 570 1711 665 1758; x_wconf 86' lang='lat' dir='ltr'><strong>Perseus</strong></span> <span class='ocrx_word' id='word_1_169' title='bbox 684 1709 739 1758; x_wconf 78' lang='lat' dir='ltr'><strong>honi</strong></span> 
     </span>
     <span class='ocr_line' id='line_1_25' title="bbox 59 1772 739 1851; baseline 0.003 -31"><span class='ocrx_word' id='word_1_170' title='bbox 59 1775 145 1821; x_wconf 77' lang='lat' dir='ltr'><strong>=ferme</strong></span> <span class='ocrx_word' id='word_1_171' title='bbox 155 1774 198 1820; x_wconf 83' lang='lat' dir='ltr'><strong>diei</strong></span> <span class='ocrx_word' id='word_1_172' title='bbox 207 1772 291 1834; x_wconf 80' lang='lat' dir='ltr'><strong>quartis,</strong></span> <span class='ocrx_word' id='word_1_173' title='bbox 304 1790 355 1820; x_wconf 83' lang='lat' dir='ltr'><strong>eum</strong></span> <span class='ocrx_word' id='word_1_174' title='bbox 365 1776 431 1851; x_wconf 79' lang='lat' dir='ltr'><strong>pqulo</strong></span> <span class='ocrx_word' id='word_1_175' title='bbox 440 1776 491 1837; x_wconf 89' lang='lat' dir='ltr'><strong>plus</strong></span> <span class='ocrx_word' id='word_1_176' title='bbox 501 1776 561 1823; x_wconf 90' lang='lat' dir='ltr'><strong>mille</strong></span> <span class='ocrx_word' id='word_1_177' title='bbox 568 1791 645 1838; x_wconf 85' lang='lat' dir='ltr'><strong>passus</strong></span> <span class='ocrx_word' id='word_1_178' title='bbox 653 1777 739 1823; x_wconf 80' lang='lat' dir='ltr'><strong>obesset</strong></span> 
     </span>
     <span class='ocr_line' id='line_1_26' title="bbox 72 1838 735 1903; baseline 0.005 -19"><span class='ocrx_word' id='word_1_179' title='bbox 72 1853 88 1884; x_wconf 84' lang='lat' dir='ltr'><strong>a</strong></span> <span class='ocrx_word' id='word_1_180' title='bbox 104 1838 182 1884; x_wconf 79' lang='lat' dir='ltr'><strong>eastris</strong></span> <span class='ocrx_word' id='word_1_181' title='bbox 197 1838 314 1891; x_wconf 88' lang='lat' dir='ltr'><strong>Romanis,</strong></span> <span class='ocrx_word' id='word_1_182' title='bbox 331 1840 452 1887; x_wconf 72' lang='lat' dir='ltr'><strong>consistere</strong></span> <span class='ocrx_word' id='word_1_183' title='bbox 470 1841 534 1903; x_wconf 82' lang='lat' dir='ltr'><strong>signa</strong></span> <span class='ocrx_word' id='word_1_184' title='bbox 549 1841 647 1902; x_wconf 88' lang='lat' dir='ltr'><strong>peditum</strong></span> <span class='ocrx_word' id='word_1_185' title='bbox 660 1841 735 1903; x_wconf 85' lang='lat' dir='ltr'><strong>jussit.</strong></span> 
     </span>
     <span class='ocr_line' id='line_1_27' title="bbox 74 1901 738 1964; baseline 0.006 -17"><span class='ocrx_word' id='word_1_186' title='bbox 74 1901 240 1962; x_wconf 75' lang='lat' dir='ltr'><strong>Praegressus</strong></span> <span class='ocrx_word' id='word_1_187' title='bbox 232 1917 280 1964; x_wconf 87' lang='lat' dir='ltr'><strong>rpse</strong></span> <span class='ocrx_word' id='word_1_188' title='bbox 294 1917 345 1949; x_wconf 85' lang='lat' dir='ltr'><strong>eum</strong></span> <span class='ocrx_word' id='word_1_189' title='bbox 359 1905 469 1964; x_wconf 83' lang='lat' dir='ltr'><strong>equitibus</strong></span> <span class='ocrx_word' id='word_1_190' title='bbox 483 1905 562 1952; x_wconf 78' lang='lat' dir='ltr'><strong>aeleri</strong></span> <span class='ocrx_word' id='word_1_191' title='bbox 573 1905 738 1963; x_wconf 76' lang='lat' dir='ltr'><strong>armaturi5et</strong></span> 
     </span>
     <span class='ocr_line' id='line_1_28' title="bbox 74 1963 739 2044; baseline 0.008 -32"><span class='ocrx_word' id='word_1_192' title='bbox 74 1963 150 2027; x_wconf 82' lang='lat' dir='ltr'><strong>Cotys</strong></span> <span class='ocrx_word' id='word_1_193' title='bbox 164 1982 215 2012; x_wconf 84' lang='lat' dir='ltr'><strong>eum</strong></span> <span class='ocrx_word' id='word_1_194' title='bbox 226 1982 254 2013; x_wconf 90' lang='lat' dir='ltr'><strong>eo</strong></span> <span class='ocrx_word' id='word_1_195' title='bbox 268 1967 379 2044; x_wconf 76' lang='lat' dir='ltr'><strong>ducesque</strong></span> <span class='ocrx_word' id='word_1_196' title='bbox 392 1969 485 2015; x_wconf 83' lang='lat' dir='ltr'><strong>aliorum</strong></span> <span class='ocrx_word' id='word_1_197' title='bbox 497 1970 627 2016; x_wconf 82' lang='lat' dir='ltr'><strong>auxiliorum</strong></span> <span class='ocrx_word' id='word_1_198' title='bbox 642 1984 739 2031; x_wconf 70' lang='lat' dir='ltr'><strong>praeces·</strong></span> 
     </span>
     <span class='ocr_line' id='line_1_29' title="bbox 70 2031 736 2094; baseline 0.005 -17"><span class='ocrx_word' id='word_1_199' title='bbox 70 2037 159 2077; x_wconf 80' lang='lat' dir='ltr'><strong>semnt.</strong></span> <span class='ocrx_word' id='word_1_200' title='bbox 194 2031 274 2077; x_wconf 89' lang='lat' dir='ltr'><strong>Minus</strong></span> <span class='ocrx_word' id='word_1_201' title='bbox 284 2032 418 2092; x_wconf 83' lang='lat' dir='ltr'><strong>quingentos</strong></span> <span class='ocrx_word' id='word_1_202' title='bbox 428 2048 506 2094; x_wconf 86' lang='lat' dir='ltr'><strong>passus</strong></span> <span class='ocrx_word' id='word_1_203' title='bbox 516 2035 543 2080; x_wconf 88' lang='lat' dir='ltr'><strong>ab</strong></span> <span class='ocrx_word' id='word_1_204' title='bbox 553 2035 629 2080; x_wconf 83' lang='lat' dir='ltr'><strong>castris</strong></span> <span class='ocrx_word' id='word_1_205' title='bbox 640 2035 736 2086; x_wconf 79' lang='lat' dir='ltr'><strong>aberant,</strong></span> 
     </span>
     <span class='ocr_line' id='line_1_30' title="bbox 70 2094 739 2157; baseline 0 -15"><span class='ocrx_word' id='word_1_206' title='bbox 70 2110 126 2142; x_wconf 80' lang='lat' dir='ltr'><strong>eum</strong></span> <span class='ocrx_word' id='word_1_207' title='bbox 145 2095 169 2140; x_wconf 89' lang='lat' dir='ltr'><strong>in</strong></span> <span class='ocrx_word' id='word_1_208' title='bbox 186 2104 306 2157; x_wconf 83' lang='lat' dir='ltr'><strong>conspeetu</strong></span> <span class='ocrx_word' id='word_1_209' title='bbox 321 2094 384 2142; x_wconf 80' lang='lat' dir='ltr'><strong>fuere</strong></span> <span class='ocrx_word' id='word_1_210' title='bbox 397 2097 495 2142; x_wconf 87' lang='lat' dir='ltr'><strong>bostium</strong></span> <span class='ocrx_word' id='word_1_211' title='bbox 512 2099 611 2157; x_wconf 87' lang='lat' dir='ltr'><strong>equites·</strong></span> <span class='ocrx_word' id='word_1_212' title='bbox 629 2098 680 2142; x_wconf 84' lang='lat' dir='ltr'><strong>duae</strong></span> <span class='ocrx_word' id='word_1_213' title='bbox 696 2097 739 2142; x_wconf 76' lang='lat' dir='ltr'><strong>alte</strong></span> 
     </span>
     <span class='ocr_line' id='line_1_31' title="bbox 70 2158 738 2224; baseline -0.004 -17"><span class='ocrx_word' id='word_1_214' title='bbox 70 2167 138 2207; x_wconf 85' lang='lat' dir='ltr'><strong>erunt</strong></span> <span class='ocrx_word' id='word_1_215' title='bbox 152 2158 236 2221; x_wconf 79' lang='lat' dir='ltr'><strong>magnis</strong></span> <span class='ocrx_word' id='word_1_216' title='bbox 251 2175 281 2206; x_wconf 86' lang='lat' dir='ltr'><strong>ex</strong></span> <span class='ocrx_word' id='word_1_217' title='bbox 295 2166 358 2222; x_wconf 82' lang='lat' dir='ltr'><strong>parte</strong></span> <span class='ocrx_word' id='word_1_218' title='bbox 372 2161 489 2206; x_wconf 80' lang='lat' dir='ltr'><strong>Gallorum</strong></span> <span class='ocrx_word' id='word_1_219' title='bbox 505 2159 663 2224; x_wconf 78' lang='lat' dir='ltr'><strong>(Cassignatus</strong></span> <span class='ocrx_word' id='word_1_220' title='bbox 679 2173 738 2219; x_wconf 77' lang='lat' dir='ltr'><strong>prae-</strong></span> 
     </span>
     <span class='ocr_line' id='line_1_32' title="bbox 72 2221 739 2284; baseline -0.004 -15"><span class='ocrx_word' id='word_1_221' title='bbox 72 2221 143 2283; x_wconf 87' lang='lat' dir='ltr'><strong>erat),</strong></span> <span class='ocrx_word' id='word_1_222' title='bbox 159 2231 182 2269; x_wconf 88' lang='lat' dir='ltr'><strong>et</strong></span> <span class='ocrx_word' id='word_1_223' title='bbox 192 2225 248 2271; x_wconf 83' lang='lat' dir='ltr'><strong>levis</strong></span> <span class='ocrx_word' id='word_1_224' title='bbox 258 2231 375 2271; x_wconf 84' lang='lat' dir='ltr'><strong>armaturae</strong></span> <span class='ocrx_word' id='word_1_225' title='bbox 385 2231 475 2270; x_wconf 89' lang='lat' dir='ltr'><strong>centum</strong></span> <span class='ocrx_word' id='word_1_226' title='bbox 488 2224 535 2270; x_wconf 85' lang='lat' dir='ltr'><strong>fere</strong></span> <span class='ocrx_word' id='word_1_227' title='bbox 548 2231 571 2270; x_wconf 92' lang='lat' dir='ltr'><strong>et</strong></span> <span class='ocrx_word' id='word_1_228' title='bbox 581 2223 739 2284; x_wconf 79' lang='lat' dir='ltr'><strong>quinquaginta</strong></span> 
     </span>
     <span class='ocr_line' id='line_1_33' title="bbox 71 2286 738 2348; baseline -0.004 -14"><span class='ocrx_word' id='word_1_229' title='bbox 71 2287 190 2348; x_wconf 82' lang='lat' dir='ltr'><strong>Mysi&#39;aut</strong></span> <span class='ocrx_word' id='word_1_230' title='bbox 199 2286 326 2336; x_wconf 83' lang='lat' dir='ltr'><strong>Cretenses.</strong></span> <span class='ocrx_word' id='word_1_231' title='bbox 351 2287 459 2336; x_wconf 86' lang='lat' dir='ltr'><strong>Constitit</strong></span> <span class='ocrx_word' id='word_1_232' title='bbox 469 2302 515 2342; x_wconf 84' lang='lat' dir='ltr'><strong>rex,</strong></span> <span class='ocrx_word' id='word_1_233' title='bbox 527 2288 624 2334; x_wconf 83' lang='lat' dir='ltr'><strong>incertus</strong></span> <span class='ocrx_word' id='word_1_234' title='bbox 632 2292 738 2346; x_wconf 82' lang='lat' dir='ltr'><strong>quantum</strong></span> 
     </span>
     <span class='ocr_line' id='line_1_34' title="bbox 66 2348 740 2414; baseline -0.004 -16"><span class='ocrx_word' id='word_1_235' title='bbox 66 2359 135 2398; x_wconf 54' lang='lat' dir='ltr'><strong>*esset</strong></span> <span class='ocrx_word' id='word_1_236' title='bbox 149 2353 254 2398; x_wconf 86' lang='lat' dir='ltr'><strong>hostium.</strong></span> <span class='ocrx_word' id='word_1_237' title='bbox 289 2352 355 2399; x_wconf 84' lang='lat' dir='ltr'><strong>Duas</strong></span> <span class='ocrx_word' id='word_1_238' title='bbox 364 2353 416 2399; x_wconf 89' lang='lat' dir='ltr'><strong>inde</strong></span> <span class='ocrx_word' id='word_1_239' title='bbox 429 2367 459 2398; x_wconf 83' lang='lat' dir='ltr'><strong>ex</strong></span> <span class='ocrx_word' id='word_1_240' title='bbox 470 2352 558 2414; x_wconf 80' lang='lat' dir='ltr'><strong>agmine</strong></span> <span class='ocrx_word' id='word_1_241' title='bbox 569 2359 652 2398; x_wconf 85' lang='lat' dir='ltr'><strong>turmas</strong></span> <span class='ocrx_word' id='word_1_242' title='bbox 665 2348 740 2395; x_wconf 82' lang='lat' dir='ltr'><strong>&#39;l&#39;hru-</strong></span> 
     </span>
     <span class='ocr_line' id='line_1_35' title="bbox 65 2414 739 2471; baseline -0.006 -9"><span class='ocrx_word' id='word_1_243' title='bbox 65 2430 135 2468; x_wconf 73' lang='lat' dir='ltr'><strong>eum,</strong></span> <span class='ocrx_word' id='word_1_244' title='bbox 154 2416 208 2463; x_wconf 81' lang='lat' dir='ltr'><strong>dum</strong></span> <span class='ocrx_word' id='word_1_245' title='bbox 223 2417 382 2471; x_wconf 79' lang='lat' dir='ltr'><strong>Macedonum,</strong></span> <span class='ocrx_word' id='word_1_246' title='bbox 400 2432 451 2463; x_wconf 87' lang='lat' dir='ltr'><strong>oum</strong></span> <span class='ocrx_word' id='word_1_247' title='bbox 467 2416 524 2462; x_wconf 89' lang='lat' dir='ltr'><strong>binis</strong></span> <span class='ocrx_word' id='word_1_248' title='bbox 542 2414 682 2463; x_wconf 87' lang='lat' dir='ltr'><strong>Cretensium</strong></span> <span class='ocrx_word' id='word_1_249' title='bbox 700 2429 739 2460; x_wconf 86' lang='lat' dir='ltr'><strong>co-</strong></span> 
     </span>
     <span class='ocr_line' id='line_1_36' title="bbox 65 2479 739 2540; baseline -0.003 -14"><span class='ocrx_word' id='word_1_250' title='bbox 65 2481 176 2526; x_wconf 82' lang='lat' dir='ltr'><strong>&#39;hortibus</strong></span> <span class='ocrx_word' id='word_1_251' title='bbox 194 2487 217 2526; x_wconf 89' lang='lat' dir='ltr'><strong>et</strong></span> <span class='ocrx_word' id='word_1_252' title='bbox 235 2481 354 2535; x_wconf 64' lang='lat' dir='ltr'><strong>Thracum,</strong></span> <span class='ocrx_word' id='word_1_253' title='bbox 372 2481 439 2527; x_wconf 80' lang='lat' dir='ltr'><strong>misit.</strong></span> <span class='ocrx_word' id='word_1_254' title='bbox 475 2479 590 2532; x_wconf 80' lang='lat' dir='ltr'><strong>Proelium,</strong></span> <span class='ocrx_word' id='word_1_255' title='bbox 607 2493 658 2525; x_wconf 84' lang='lat' dir='ltr'><strong>curn</strong></span> <span class='ocrx_word' id='word_1_256' title='bbox 675 2491 739 2540; x_wconf 79' lang='lat' dir='ltr'><strong>pares</strong></span> 
     </span>
     <span class='ocr_line' id='line_1_37' title="bbox 70 2542 739 2606; baseline -0.003 -16"><span class='ocrx_word' id='word_1_257' title='bbox 70 2559 170 2591; x_wconf 86' lang='lat' dir='ltr'><strong>numero</strong></span> <span class='ocrx_word' id='word_1_258' title='bbox 180 2548 345 2606; x_wconf 67' lang='lat' dir='ltr'><strong>essentneque</strong></span> <span class='ocrx_word' id='word_1_259' title='bbox 355 2547 382 2591; x_wconf 87' lang='lat' dir='ltr'><strong>ab</strong></span> <span class='ocrx_word' id='word_1_260' title='bbox 392 2547 434 2591; x_wconf 85' lang='lat' dir='ltr'><strong>huo</strong></span> <span class='ocrx_word' id='word_1_261' title='bbox 443 2551 482 2591; x_wconf 87' lang='lat' dir='ltr'><strong>aut</strong></span> <span class='ocrx_word' id='word_1_262' title='bbox 492 2542 531 2598; x_wconf 76' lang='lat' dir='ltr'><strong>illi</strong></span> <span class='ocrx_word' id='word_1_263' title='bbox 539 2550 601 2605; x_wconf 84' lang='lat' dir='ltr'><strong>parte</strong></span> <span class='ocrx_word' id='word_1_264' title='bbox 609 2557 667 2590; x_wconf 83' lang='lat' dir='ltr'><strong>nove</strong></span> <span class='ocrx_word' id='word_1_265' title='bbox 675 2543 739 2589; x_wconf 78' lang='lat' dir='ltr'><strong>aurd-</strong></span> 
     </span>
     <span class='ocr_line' id='line_1_38' title="bbox 70 2606 740 2662; baseline -0.003 -8"><span class='ocrx_word' id='word_1_266' title='bbox 70 2608 261 2662; x_wconf 81' lang='lat' dir='ltr'><strong>liasubrenirent,</strong></span> <span class='ocrx_word' id='word_1_267' title='bbox 272 2608 357 2657; x_wconf 68' lang='lat' dir='ltr'><strong>inuenti</strong></span> <span class='ocrx_word' id='word_1_268' title='bbox 363 2606 457 2656; x_wconf 72' lang='lat' dir='ltr'><strong>victorii</strong></span> <span class='ocrx_word' id='word_1_269' title='bbox 465 2608 553 2655; x_wconf 83' lang='lat' dir='ltr'><strong>finitmn</strong></span> <span class='ocrx_word' id='word_1_270' title='bbox 563 2614 604 2654; x_wconf 80' lang='lat' dir='ltr'><strong>est.</strong></span> <span class='ocrx_word' id='word_1_271' title='bbox 629 2606 740 2654; x_wconf 87' lang='lat' dir='ltr'><strong>Eumenis</strong></span> 
     </span>
     <span class='ocr_line' id='line_1_39' title="bbox 66 2671 739 2736; baseline -0.004 -16"><span class='ocrx_word' id='word_1_272' title='bbox 66 2671 146 2720; x_wconf 67' lang='lat' dir='ltr'><strong>&#39;imme</strong></span> <span class='ocrx_word' id='word_1_273' title='bbox 158 2673 251 2736; x_wconf 77' lang='lat' dir='ltr'><strong>triginta</strong></span> <span class='ocrx_word' id='word_1_274' title='bbox 259 2672 384 2733; x_wconf 77' lang='lat' dir='ltr'><strong>interfecti3</strong></span> <span class='ocrx_word' id='word_1_275' title='bbox 399 2674 459 2722; x_wconf 86' lang='lat' dir='ltr'><strong>iuter</strong></span> <span class='ocrx_word' id='word_1_276' title='bbox 469 2687 525 2733; x_wconf 89' lang='lat' dir='ltr'><strong>quos</strong></span> <span class='ocrx_word' id='word_1_277' title='bbox 536 2671 682 2736; x_wconf 75' lang='lat' dir='ltr'><strong>Cassignatus</strong></span> <span class='ocrx_word' id='word_1_278' title='bbox 693 2671 739 2718; x_wconf 75' lang='lat' dir='ltr'><strong>(lux</strong></span> 
     </span>
     <span class='ocr_line' id='line_1_40' title="bbox 469 2739 515 2784; baseline -0.022 0"><span class='ocrx_word' id='word_1_279' title='bbox 469 2751 485 2784; x_wconf 86' lang='lat' dir='ltr'><strong>r</strong></span> <span class='ocrx_word' id='word_1_280' title='bbox 501 2739 515 2783; x_wconf 82' lang='grc'><strong>8</strong></span> 
     </span>
    </p>
   </div>
   <div class='ocr_carea' id='block_1_5' title="bbox 0 0 902 2950">
    <p class='ocr_par' dir='ltr' id='par_1_5' title="bbox 0 0 902 2950">
     <span class='ocr_line' id='line_1_41' title="bbox 0 0 902 2950; baseline 0 0"><span class='ocrx_word' id='word_1_281' title='bbox 0 0 902 2950; x_wconf 95' lang='lat' dir='ltr'><strong> </strong></span> 
     </span>
    </p>
   </div>
  </div>
 </body>
</html>
