1792 2950
199 173 332 225 '10le11
347 173 400 222 Lm.
413 174 469 222 XL·
485 173 548 222 Car.
562 179 600 222 20.
700 181 735 230 ’19

77 309 148 361 erret3
164 304 258 354 alterio
272 305 373 352 dexuam
386 311 472 366 partem
487 302 738 366 usqueadMassiliam,

79 368 154 416 levam
165 368 223 417 ulter
232 384 303 429 usque
313 370 341 416 ad
350 369 451 422 Barium,
459 376 567 417 tueretur.
734 409 737 416 .
752 423 754 428 ¹
824 377 829 385 '

107 431 180 480 XIX·
190 431 301 494 Prodigia
310 434 381 480 multa
389 431 450 480 ioeda
458 441 480 480 et
488 433 570 480 Romae
578 449 605 480 eo
613 447 672 479 anno
682 433 737 490 visa,

77 506 98 544 et
107 497 208 543 nuntiata
218 512 318 558 peregre.
354 496 383 542 In
397 495 449 543 areb
463 497 558 546 Vulcani
571 505 594 544 et
606 495 739 545 Concordia

75 561 207 622 sanguinem
221 561 291 622 pluit;
309 569 332 608 et
345 560 460 622 pontifices
475 563 549 608 hastas
563 569 635 609 motas
650 562 738 608 nuntia·

76 623 132 678 rire,
151 632 175 671 et
186 623 283 671 Lanuvii
294 626 434 672 simulacrum
444 624 542 672 Junonis
556 626 652 686 Sospitae
667 626 739 686 lacry-

75 687 160 736 misse:
181 696 204 734 et
219 689 343 750 pestilentia
356 691 380 735 iu
394 691 460 750 agris,
477 689 582 750 forisque,
599 697 622 736 et
636 690 739 736 concilia·

74 753 136 806 bulis,
154 754 213 800 etin
226 752 289 799 Urbe
300 760 361 800 tanta
370 760 424 806 erat,
437 762 463 799 ut
473 753 570 800 Libitina
580 761 633 800 tuuc
643 754 682 802 rix
693 753 739 800 sus·

74 815 157 863 ficeret.
194 816 241 862 His
255 818 361 879 prodigiis
376 817 517 878 cladibusque
532 818 591 864 anxii
606 817 685 864 Patres
700 818 739 864 de-

74 888 239 934 mererunbut
248 889 272 927 et
282 883 391 935 consules,
403 883 482 940 quibus
494 880 546 927 Diis
556 883 674 934 videretur,
687 883 739 928 bos-

73 946 109 996 tiis
119 946 241 1007 majorum
252 946 406 1000 sacrificarent,
418 953 440 992 et
448 947 566 992 decemviri
573 947 640 992 bbros
648 946 740 994 adirent·

72 1008 161 1056 Eorum
173 1009 264 1055 decreto
274 1010 403 1071 supplicatio
413 1011 472 1056 circa
480 1011 554 1056 omnia
561 1010 683 1071 pulvinaria
690 1010 739 1057 Ro-

73 1088 116 1120 mae
125 1075 151 1120 in
162 1073 222 1120 diem
236 1089 306 1120 unum
320 1075 401 1120 indicta
411 1081 452 1120 est.
488 1073 570 1120 Iisdem
581 1075 706 1120 auctoribus
716 1082 740 1121 et

71 1145 164 1184 senatus
175 1139 269 1191 censuit,
286 1144 310 1184 et
323 1139 426 1184 consules
436 1138 559 1190 edixerunt,
577 1145 602 1184 ut
615 1153 655 1199 per
669 1145 739 1184 totam

72 1200 164 1248 Italiam
178 1202 277 1248 triduum
292 1203 421 1263 supplicatio
438 1209 461 1248 et
474 1201 535 1248 feriae
550 1209 631 1248 essent.
666 1201 740 1248 Pesti-

71 1266 148 1312 leatiae
166 1273 228 1312 mum
246 1267 281 1311 vis
299 1274 352 1320 erat,
370 1274 402 1318 ut,
419 1281 471 1312 cum
487 1273 577 1327 propter
592 1265 738 1311 deiectionem

72 1328 206 1385 Corsorum,
230 1329 354 1390 bellumque
375 1331 402 1376 ab
421 1329 539 1376 Iliensibus
560 1329 694 1374 concitatum
716 1329 739 1374 in

73 1392 184 1447 Sardinia
196 1402 249 1440 octo
260 1393 327 1440 millia
337 1395 435 1456 pediturn
446 1407 475 1438 ex
483 1393 548 1438 sociis
559 1391 634 1436 Latini
645 1392 740 1442 nominis

73 1460 139 1505 scribi
155 1459 283 1520 placuisset,
300 1466 323 1505 et
339 1466 451 1505 trecentos
468 1457 560 1516 equites,
578 1471 633 1516 quos
649 1455 685 1502 M.
700 1455 739 1502 Pi-

75 1524 150 1569 narius
160 1533 244 1585 praetor
259 1538 334 1570 seeum
344 1524 368 1569 in
379 1522 503 1569 Sardiniam
519 1520 635 1581 trajiceret,
653 1528 740 1569 tantum

73 1588 191 1639 bominum
206 1589 345 1635 demortuum
356 1602 412 1640 esse,
430 1593 517 1632 tautum
529 1585 608 1645 ubique
619 1600 737 1647 aegrorum,

73 1652 179 1698 consules
193 1652 374 1705 renuntiaverint,
392 1651 447 1696 ntis
458 1665 563 1697 numerus
577 1649 634 1696 effici
645 1650 739 1697 militurn

73 1730 120 1762 non
135 1717 240 1777 potuerit.
276 1715 343 1769 Quod
353 1716 428 1762 deerat
442 1716 544 1767 militum,
562 1730 649 1761 sumere
663 1730 676 1761 a
691 1713 735 1762 Cn.

72 1779 155 1835 Baebio
165 1782 305 1842 proconsule,
322 1782 360 1840 qui
371 1778 430 1826 Pisis
444 1780 577 1833 hibernabat,
589 1780 667 1841 J'ussus
682 1795 739 1840 prae-

73 1852 118 1896 tor,
136 1852 203 1905 atque
216 1844 268 1890 inde
281 1845 304 1889 in
317 1844 438 1891 Sardiniam
450 1844 555 1907 trajicere.
591 1843 619 1890 L.
633 1844 739 1890 Duronio

73 1909 173 1969 praetori,
190 1909 227 1955 cui
245 1908 358 1969 provincia
377 1908 459 1970 Apulia
477 1916 588 1962 evenerat,
607 1909 693 1971 adjectu
711 1908 739 1954 de

72 1972 252 2019 Bacchanalibus
270 1974 364 2033 questio
382 1982 430 2030 est;
450 1974 512 2034 cujus
531 1973 617 2019 residua
637 1972 739 2032 quaedam

72 2037 137 2086 reiut
148 2038 234 2083 semina
244 2052 273 2083 ex
287 2038 394 2097 prioribus
408 2038 472 2083 malis
482 2039 529 2099 jam
544 2037 617 2099 priore
630 2051 689 2082 anno
700 2050 739 2096 ap-

73 2108 209 2163 pamerantr
233 2101 272 2147 sad
292 2102 365 2162 magis
386 2102 494 2147 inchoatae
516 2101 574 2161 apud
593 2099 621 2145 L.
642 2100 739 2159 Pupium

72 2172 197 2227 pretorem
211 2165 345 2225 quaestiones
361 2173 430 2219 erant,
445 2180 512 2225 quam
526 2165 554 2210 ad
571 2164 655 2210 exitum
669 2162 741 2211 ullum

72 2229 197 2290 perductoe.
232 2228 261 2274 ld
275 2245 389 2291 persecare
404 2244 488 2276 novum
503 2234 628 2289 praetorem,
649 2240 678 2272 ne
694 2240 740 2271 aer-

72 2302 139 2355 peret
155 2294 237 2339 iterum
251 2293 323 2347 latius,
340 2293 418 2340 Patres
429 2295 551 2355 jusserunt.
586 2290 619 2337 Et
635 2290 697 2351 leges
712 2290 739 2337 de

73 2359 161 2404 ambitu
178 2356 280 2404 consules
294 2372 324 2403 ex
340 2359 471 2404 auctoritate
487 2354 576 2402 senaida
593 2354 620 2399 ad
634 2354 739 2415 populum

74 2421 184 2468 tulerunt.

107 2484 168 2531 XX.
181 2482 317 2547 Legationes
328 2485 436 2532 deindein
444 2490 545 2530 senatum
555 2483 724 2530 introduxerunt
730 2502 739 2542 3

74 2564 156 2610 regrum
166 2550 256 2609 primas,
268 2550 383 2604 Eumenis,
395 2556 418 2595 et
426 2548 548 2594 Ariarathis
560 2545 703 2609 Cappadocis,
715 2556 739 2595 et

76 2612 200 2665 thouis
208 2612 309 2660 Pontici:
323 2628 365 2661 nec
372 2614 430 2661 ultra
439 2612 557 2674 quidquam
568 2612 599 2659 eia
610 2626 739 2675 responsum

76 2684 120 2733 ert,
142 2692 210 2737 quam
231 2678 344 2732 missuros,
371 2679 409 2739 qui
431 2678 458 2724 de
483 2677 637 2729 controversiis
662 2690 738 2723 eorum
