1792 2950
170 157 203 202 m
298 139 700 202 ummmfflm

167 283 294 330 simulatum
309 290 357 338 est3
377 283 405 330 ad
419 276 481 342 quod'
493 281 645 328 celebrandum
659 281 766 327 inritatus
782 281 834 330 Do*
879 279 880 284 ’

169 349 262 394 metrius
277 349 304 393 ab
319 347 410 392 Amaeo
427 345 560 392 Heracleam
576 345 644 391 venit.
680 345 708 390 ln
724 343 752 391 ed
766 345 832 392 coeni

169 412 249 458 dicitur
266 425 377 456 venenum
395 411 478 456 datum.
518 409 603 456 Poculo
622 416 695 470 epoto,
718 411 833 472 extemplo

168 476 252 521 sensit:
277 481 300 520 et
318 489 372 519 mox
390 475 472 520 coortis
488 475 605 526 doloribus,
626 473 701 519 relicto
718 475 832 528 convivio,

169 553 219 584 cum
229 539 253 582 in
263 539 387 584 cubiculum
398 539 515 600 recepisset
526 543 582 590 se'se,
597 537 749 583 crudelitatem
763 540 832 599 patris

168 616 311 662 conquerens,
323 604 462 664 parricidium
473 603 551 654 fratris,
568 617 594 647 ac
604 600 673 647 Didae
684 603 758 648 scelus
767 603 831 648 incu-

167 681 225 718 sans,
237 669 385 726 torquebatur.
412 667 538 713 intromissi
549 666 627 711 deinde
636 665 731 726 Thyrsis
742 667 830 726 quidam

123 738 126 747 ¹
168 731 296 776 Stuberaeus
306 739 330 777 et
339 731 456 778 Beroeaeus
470 731 605 782 Alexander,
622 729 708 790 injectis
722 732 831 792 tapetibus

166 793 190 839 in
201 801 267 855 caput
275 795 401 856 faucesque,
417 795 516 856 spiritum
531 795 708 840 intercluserunt.
744 793 782 840 Ita
796 795 830 840 in-

166 859 247 903 noxius
257 859 391 912 adolescens,
407 875 458 904 cum
473 861 496 904 in
511 874 537 905 eo
548 873 577 903 ue
588 858 680 919 simplici
689 859 780 918 quidem
789 875 831 921 ge·
879 871 880 880 ³

167 936 220 968 nere
229 923 308 969 mortis
318 925 416 969 contenti
426 924 509 970 inimici
519 923 619 975 fuissent,
631 922 769 968 interficitur.

200 985 282 1032 XXV.
302 987 366 1033 Dum
377 987 425 1033 baec
435 988 459 1032 in
470 985 603 1033 Macedoni&
614 994 730 1047 geruntur,
747 987 777 1032 L.
786 988 829 1034 AE

166 1050 240 1095 milius
251 1050 341 1104 Paulus,
356 1059 477 1112 prorogato
490 1067 519 1096 ex
529 1051 644 1097 consulatu
654 1051 754 1112 imperio,
771 1053 832 1112 priu-

166 1115 223 1174 cipio
234 1117 292 1161 veris
302 1116 325 1160 in
334 1114 430 1177 Ligures
441 1115 688 1177 Ingaunosxexercitum
698 1115 829 1162 introduxit
879 1121 880 1160 Ξ

168 1176 215 1223 Ubi
227 1178 322 1240 primum
337 1180 360 1224 iu
374 1181 471 1225 bostium
486 1179 565 1225 finibus
580 1187 651 1225 castra
665 1181 746 1238 posuit,
764 1179 831 1242 legati
879 1172 880 1214 7

166 1242 195 1288 ad
202 1258 260 1297 eum,
272 1259 312 1304 per
319 1244 414 1305 speciem
424 1243 485 1305 pacis
494 1244 602 1304 petendae,
615 1244 752 1304 speculatum
763 1259 830 1290 vene·

166 1313 226 1352 runt.
261 1308 367 1370 Negante
386 1307 464 1362 Paulo,
485 1309 526 1354 nisi
545 1322 595 1353 cum
615 1307 693 1353 deditis
708 1308 790 1368 pacisci
806 1323 835 1356 se
879 1305 880 1332 ³

165 1386 249 1432 pacem,
267 1387 313 1418 nou
326 1380 372 1419 tam
388 1372 411 1418 id
427 1373 562 1424 recusabant,
579 1386 645 1431 quam
660 1379 761 1432 tempore
775 1387 829 1434 opus
879 1419 880 1422 ,

165 1451 216 1483 esse
225 1437 318 1492 aiebant,
333 1444 358 1483 ut
372 1438 449 1499 generi
464 1437 546 1498 agresti
560 1436 675 1481 bominum
688 1436 829 1497 persuadere-
879 1457 880 1464 ¹

165 1506 208 1545 tur.
244 1502 282 1548 Ad
296 1504 339 1548 boc
353 1502 430 1548 decem
445 1502 528 1548 dierum
541 1500 635 1545 induciae
649 1515 700 1545 eum
716 1502 826 1555 darentur,

164 1564 275 1624 petierunt
292 1566 377 1618 deinde,
397 1580 427 1611 ne
441 1573 502 1611 trans
518 1571 605 1610 montes
620 1564 735 1625 proximos
751 1566 827 1611 castrIs
879 1572 880 1625 j

164 1629 291 1687 pabulctum
307 1630 460 1689 lignatumque
475 1630 557 1675 milites
572 1629 641 1673 irent:
664 1628 723 1675 culta
739 1644 767 1675 ea
781 1630 828 1675 loca
879 1636 880 1691 ζ

164 1705 255 1735 suorum
271 1690 349 1737 finium
365 1707 420 1737 esse.
456 1690 484 1737 ld
500 1693 535 1739 ubi
551 1688 702 1753 impetravere,-
721 1701 773 1753 post
789 1708 826 1739 eos
879 1702 880 1733 i

163 1752 224 1813 ipsos
234 1762 329 1808 montes,
343 1756 403 1801 unde
412 1763 536 1802 averterant
547 1757 641 1809 hostem,
656 1758 758 1803 exercitu
768 1758 826 1803 omni

164 1824 248 1869 coacto,
266 1825 356 1879 repente
370 1819 511 1865 multitudine
526 1821 611 1881 ingenti
625 1828 697 1867 casua
711 1821 827 1868 Romano-
879 1828 880 1831 ’

164 1884 825 2009 ἓῖἶιίἕρὲᾞφ““ῗ.ῗῗ,ἲζιῗξειῗὲἶῑὲἒὶἳ“ἑῖ’ἓέἒ

415 1970 440 1989 aar
618 1981 624 2003 ,
879 1990 880 1999 .

163 2008 225 2053 rendi
235 2009 324 2069 quidem
338 2013 403 2075 signa
416 2011 527 2059 Romanis
541 2014 642 2075 spatium,
659 2028 701 2059 nec
715 2014 743 2059 ad
758 2015 826 2075 expli-
879 2004 880 2043 l

163 2072 257 2119 caudam
269 2076 347 2130 aciem,
364 2078 427 2123 locus
441 2085 507 2123 esset.
543 2076 645 2125 Conferti
655 2076 678 2122 in
691 2079 771 2138 portis,
789 2080 827 2125 ob-

163 2138 241 2183 stando
259 2141 339 2201 magis,
361 2156 428 2202 quam
445 2141 573 2203 pugnando,
596 2150 667 2188 castra
688 2143 821 2189 tutabantur.

163 2201 210 2248 Sub
220 2218 323 2250 occasum
334 2206 386 2251 solis
397 2220 448 2251 cum
456 2206 597 2253 recessissent
605 2207 687 2259 hostes,
699 2206 757 2252 duos
765 2207 826 2267 equi-

161 2272 196 2311 tes
212 2267 240 2313 ad
256 2266 301 2315 Cn.
314 2268 417 2316 Baebiurn
432 2271 588 2331 proconsulem
604 2285 654 2315 cum
673 2271 743 2316 literis
763 2270 826 2317 Pisae
879 2324 880 2329 ¹

162 2329 236 2384 mittit,
252 2340 278 2378 ut
288 2334 378 2380 obsesso
389 2334 428 2380 sibi
439 2350 478 2395 per
488 2334 586 2380 inducias
601 2335 763 2395 quamprimum
775 2337 826 2381 sub·
879 2382 880 2389 ,

161 2393 217 2440 sidio
232 2398 324 2443 veniret.
359 2397 451 2444 Baebius
466 2399 587 2445 exercitum
607 2398 643 2444 M.
658 2398 749 2445 Pinario
768 2414 825 2460 prae-
879 2404 880 2439 ἰ

160 2458 211 2510 tori,
225 2462 287 2505 eunti
297 2462 320 2507 in
331 2462 462 2515 Sardiniam,
477 2463 608 2509 tradiderat:
626 2470 740 2515 caeterum,
757 2472 780 2509 et
791 2479 826 2510 se-

160 2527 237 2566 natum
247 2523 316 2572 literis
326 2527 442 2573 certiorem
452 2526 511 2579 fecit,
528 2526 620 2573 obsideri
635 2542 649 2573 a
659 2525 782 2589 Liguribus
793 2526 822 2575 L
879 2514 880 2559 l

160 2582 293 2643 AEmilium3
312 2596 335 2635 et
351 2590 387 2636 M.
400 2590 495 2637 Claudio
511 2590 627 2643 Marcello,
644 2592 709 2652 cujus
722 2593 827 2653 ¹proxima
879 2598 880 2637 3

159 2646 211 2694 inde
220 2651 334 2709 provincia
342 2660 396 2708 emt.
412 2655 512 2716 scriptia*
523 2662 555 2710 ut,
571 2656 710 2703 siriderotur
720 2656 749 2712 ei,
762 2670 827 2703 exer·
879 2654 880 2699 l
