1792 2950
187 169 608 259 r.n'1t⁷i1naxnv.'cn.sss'
639 252 644 260 k
667 176 727 246 soa*

56 305 132 378 mind,
152 330 167 354 ‘⁴
176 315 260 372 Utrum
271 330 325 380 nos,'
336 327 433 388 hospites
445 313 604 378 Samothraces,
616 341 669 371 vere
679 341 717 370 ac-

58 390 163 452 cepimus,
181 404 209 436 an
226 390 295 446 falso„
307 406 390 438 sacram
406 393 463 438 hanc
477 391 578 444 insulam,
595 397 618 436 et
628 389 717 450 augusti

3 507 4 510 Ἰ
58 459 127 500 totam
139 461 205 514 atque
215 454 314 510 inviolati
329 456 369 501 soli
383 455 465 502 esse?”
483 453 542 502 Cum
553 455 642 500 creditae
653 469 716 499 sanc·

3 1676 6 1801 l

56 517 113 564 titoti
132 519 291 564 assentirentur
310 517 394 572 o'mnes,
420 526 436 548 ‘⁴
454 517 502 567 Cur
520 517 613 580 igitur,”
636 518 716 577 inquit,

57 588 73 642 ‘.‘
82 579 215 645 [pollutam]
232 583 341 630 homicida
355 584 462 644 sanguine
477 584 535 644 regis
549 582 658 629 Eumenis
668 582 717 627 vio-

55 644 127 708 lavit?
144 652 174 700 et,
192 661 243 692 cum
254 647 326 700 omnis
340 648 439 708 praefatio
455 662 566 693 sacrorum
577 662 622 700 eos,
640 646 733 706 quibus¹

56 723 103 756 uon
120 712 167 756 sint
182 725 244 772 purae
261 726 347 764 manus,
365 713 432 757 sacris
448 718 527 763 arceat,
544 727 586 757 vos
600 709 719 772 penetralia

54 779 132 826 vestra
146 775 290 821 contaminari
301 782 392 822 cruento
402 776 493 822 latronis
504 791 596 836 corpore
610 775 685 820 sinetis
690 772 719 817 ?''

55 836 147 886 Nobilis
158 837 280 892 sonuerat,
292 839 349 901 apud
360 855 436 886 omnes
446 840 542 886 Graeciae
550 840 657 890 civitates,
670 837 720 884 Eu-

54 903 129 948 menis
140 903 200 964 regis
214 919 253 964 per
268 903 398 950 Euandrum
409 904 505 967 Delphis
515 897 586 965 prope*
596 908 720 968 perpetrata

29 995 32 1004 ·
55 966 138 1014 caedes.
174 964 258 1029 Itaque,
276 975 420 1028 praeterquam
435 969 495 1029 quod
510 969 532 1012 in
547 974 656 1027 potestate
670 965 720 1010 Ro-

54 1045 175 1090 manorrun
190 1046 239 1078 sese
252 1031 389 1092 insulamque
404 1039 473 1078 totam
488 1038 511 1076 et
526 1031 633 1091 templum
644 1044 721 1076 cemo-

54 1095 111 1141 hant
120 1110 177 1149 esse,
190 1110 219 1142 ne
229 1095 338 1143 immerito
350 1096 437 1156 quidem
449 1110 476 1141 ea
485 1094 526 1140 sui
534 1094 659 1154 exprobrari
670 1093 719 1146 rati,

55 1157 198 1213 'rbeondam
216 1161 253 1220 qui
270 1175 368 1206 summus
384 1159 527 1220 magistratus
542 1157 600 1218 apud
614 1172 653 1201 cos
665 1164 719 1210 erat,

56 1223 146 1286 (regem
164 1223 205 1286 ipsi
220 1221 339 1286 appellant)
355 1223 383 1270 ad
398 1222 480 1268 Persea
494 1222 592 1273 mittunt.
610 1221 648 1279 qui
662 1234 720 1264 nun-

54 1289 129 1342 tiaret,
148 1294 165 1318 ⁴‘
179 1288 253 1350 Argui
272 1289 339 1334 caedis
358 1287 489 1334 Euandrum
509 1284 653 1333 Cretensem:
672 1298 721 1328 esse

55 1349 131 1400 autem
140 1352 226 1414 judicia
236 1352 293 1415 apu'd
304 1367 352 1398 sese
363 1367 425 1398 more
436 1353 543 1414 majorum
558 1353 683 1414 comparato
694 1345 722 1392 de

56 1415 91 1471 iis,
109 1417 147 1478 qui
163 1417 259 1464 incestas
274 1431 353 1463 manus
371 1417 471 1462 intulisse
488 1415 546 1460 intro
561 1412 669 1458 temrinos
685 1425 722 1456 sa-
743 1416 749 1428 ⁸

54 1488 130 1531 eratos
145 1483 222 1545 templi
240 1482 346 1529 dicantur.
382 1482 406 1529 si
421 1480 541 1536 confideret
556 1476 668 1529 Euander,
685 1476 721 1521 in-

55 1547 150 1592 noxium
166 1562 190 1593 se
205 1546 236 1593 rei
252 1547 350 1609 capitalis
365 1546 435 1608 argui,
453 1545 540 1592 veniret
549 1543 578 1588 ad
588 1556 677 1588 causam
689 1540 722 1585 di-

57 1611 164 1658 dendam:
184 1612 203 1658 si
216 1612 354 1658 committere
365 1610 480 1673 sejudicio
494 1624 540 1654 non
554 1607 651 1659 auderet,
668 1604 722 1651 lihe-

58 1683 116 1723 nret
127 1676 235 1738 religione
246 1677 360 1737 templum,
378 1690 403 1721 ac
415 1675 502 1720 sibimet
512 1674 559 1735 ipse
569 1670 700 1718 consuleret
705 1667 721 1687 ’'

59 1738 163 1794 Perseus,
181 1747 274 1787 evocato
285 1739 399 1792 Euandro,
413 1738 522 1801 judicium
538 1736 643 1783 subeundi
660 1734 721 1780 nullo

3 1854 4 1857 ,
57 1812 123 1865 pacto
143 1812 220 1851 auctor
239 1820 299 1851 esse:
321 1811 335 1833 ‘⁶
351 1819 392 1850 nec
411 1801 478 1849 causei
496 1818 537 1849 nec
555 1798 628 1863 gratia
645 1814 721 1861 parem
775 1840 777 1844 ,

58 1866 131 1914 fore.”
166 1870 259 1915 Suberat
270 1874 292 1913 et
303 1868 339 1914 ille
350 1874 429 1921 metus,
441 1882 471 1913 ne
482 1867 597 1913 damnatus
608 1871 720 1912 auctorem

3 1980 5 1995 ἔ
57 1934 84 1977 s‘e
91 1931 182 1979 nefandi
192 1932 295 1979 facinoris
306 1932 455 1993 protraheret:
476 1938 492 1961 “
503 1931 580 1990 reliqui
591 1930 643 1990 quid
653 1934 720 1978 esset,

3 2000 4 2007 ’
59 1996 100 2043 nisi
114 2004 141 2042 ut
151 1995 237 2042 fortiter
251 1994 391 2042 moriaturi'‘
409 1995 474 2040 Nihil
483 1996 555 2056 palam
566 1995 661 2040 abnuere
671 1992 721 2037 Eu-

57 2061 139 2107 ander:
159 2061 198 2107 sad
211 2076 269 2113 cum,
287 2073 374 2105 veneno
386 2074 409 2104 se
420 2059 486 2104 malle
496 2058 559 2110 mori,
578 2072 644 2117 quam
654 2054 720 2107 ferro,

53 2124 163 2183 dhiaoet3
180 2125 267 2171 occulte
280 2122 357 2185 lugam
367 2124 463 2184 parabat.
499 2121 567 2174 Quod
577 2134 628 2165 cum
640 2132 723 2163 renun-

3 2200 6 2251 ζ
58 2190 136 2236 finum
153 2190 199 2251 regi
214 2196 280 2241 esset,
298 2194 406 2239 metuens,
425 2201 460 2237 ne,
478 2192 588 2244 tamquam
605 2198 618 2227 a
633 2196 657 2227 se
669 2182 721 2225 sub-

57 2260 130 2301 tracto
144 2267 219 2315 poenae
235 2269 281 2305 reo,
298 2253 353 2297 iram
370 2250 537 2298 Samothracum
552 2248 575 2291 in
590 2261 614 2291 se
628 2258 722 2291 conver-

57 2324 121 2372 teet,
140 2317 234 2371 interfici
245 2317 375 2363 Euandrum
382 2314 456 2375 jussit.
492 2308 545 2364 Qut
554 2305 679 2370 perpetrata
689 2314 722 2352 te-

57 2398 119 2429 mere
129 2382 198 2435 caede
217 2382 282 2429 subiit
298 2378 409 2439 extemplo
424 2378 530 2427 animum,
547 2375 570 2418 in
582 2389 606 2419 se
616 2372 720 2417 nimirum

3 2454 4 2457 ’
57 2442 169 2509 receptam
185 2446 263 2499 tabem,
282 2459 332 2504 quae
346 2442 447 2489 Euandri
461 2439 551 2485 suisset:
570 2438 597 2483 ab
610 2436 648 2484 illo
663 2434 722 2485 Del·

57 2512 107 2573 phis
115 2511 256 2566 vulneratum
267 2508 401 2559 Eumenem,
414 2506 474 2551 abae
485 2502 635 2549 Samothracae
642 2499 722 2545 Euan-

56 2576 124 2621 drrun
137 2574 249 2621 occisum:
268 2574 299 2619 ita
313 2572 357 2617 duo
373 2569 510 2617 sanctissima
520 2568 543 2612 in
553 2565 618 2614 terris
632 2564 720 2633 templa,

56 2654 84 2695 se
94 2654 140 2685 uno
151 2646 248 2689 auctore,
261 2637 369 2698 sanguine
379 2636 476 2680 humano
488 2632 574 2679 violata.
603 2629 679 2692 Hujus
689 2629 721 2674 rei

57 2704 151 2759 mmm,
170 2708 273 2764 corrupto
287 2698 380 2762 pccumi
390 2695 505 2751 Theonda,
523 2696 633 2749 averduru
651 2700 676 2741 ut
686 2690 733 2740 re*
