1792 2950
251 161 407 248 nexuosis
423 199 476 279 ¹¹3²
489 199 595 248 nxxv.
680 205 751 250 ser

95 320 228 387 Complures
238 327 313 388 populi
323 328 351 376 sd
360 329 435 376 hostes
445 327 586 376 Mesene
599 327 659 378 cm
667 326 755 381 Ritu-

94 389 156 448 tilius
166 391 244 436 consul
254 393 311 438 mule
321 393 425 440 adversus
435 394 511 440 hostes
521 393 612 440 Marsos
625 391 754 455 pugnism,

93 460 119 528 et
129 454 152 498 in
162 453 241 514 proelio
251 456 372 510 oecidisset,
389 455 523 510 C.Mnri11s‚
538 457 626 521 legatus
637 459 691 519 ejus,
708 472 757 504 mo-

88 516 150 568 ¹licre
167 525 250 566 eventu
268 535 319 566 cum
335 521 434 572 hostibus
449 521 556 567 conflixit.
584 521 632 568 Ser·
647 521 757 582 Sulpicius

94 579 203 644 Pdignos
221 584 301 644 proelio
318 583 382 632 ludit.
412 585 444 638 Q.
458 584 544 646 Caepio,
563 585 651 647 legetur
666 585 755 637 Rutilii,

86 659 153 700 ccum,
166 647 275 701 obsessus,
287 663 391 711 prospere
398 650 421 694 in
429 650 505 696 hostes
512 650 626 711 erupisset,
638 656 662 696 et
669 650 697 696 ob
705 663 756 696 cum

93 724 225 821 ‘iffi
233 711 756 831 dirimendum*

95 838 143 884 citu
153 839 238 897 cecidit.
258 839 287 886 L.
296 839 370 888 Julius
381 839 459 889 Caesur
469 842 547 888 consul
554 841 647 889 feliciter
653 842 759 888 adversus

97 901 209 949 Samnites
222 905 337 966 pugnavit.
364 904 400 952 Ob
415 921 464 952 cem
479 907 594 952 victoriam
609 906 691 953 Romoe
705 920 760 966 sagn

95 966 169 1028 positu
180 975 293 1024 suntret,
309 976 334 1015 ut
344 969 638 1024 variabellisortunaeuet,
653 970 760 1016 AEsemis
779 986 783 991 ¹

94 1030 183 1078 colonis
199 1045 249 1078 curn
266 1031 303 1078 Μ.
317 1033 426 1080 Marcello
440 1033 465 1078 in
477 1041 609 1094 potestatem
625 1034 758 1081 Samnitium

94 1095 165 1141 venit.
195 1095 240 1142 Sed
256 1095 285 1145 C.
298 1095 386 1143 Marius
402 1096 482 1158 proelio
497 1097 589 1143 Marsos
603 1097 667 1150 ludit,
685 1097 759 1144 Herio

93 1157 183 1212 Asinio,
195 1167 291 1220 praetorc
301 1160 490 1213 Marrucinorum,
506 1161 588 1206 occiso·
613 1159 642 1208 C.
653 1159 759 1208 Caecilius

75 1237 80 1244 ·
93 1221 118 1268 in
130 1222 205 1270 Gellii
214 1223 361 1286 Transalpini
372 1223 483 1271 Salluvios
493 1224 623 1270 rebellantes
632 1224 693 1271 vicit.

222 1327 378 1376 EPITOME
394 1325 492 1375 LIBRI
507 1325 639 1373 LXXIV.-

95 1417 143 1468 Cii·
152 1417 273 1482 Pompeius
282 1417 386 1466 Picentes
392 1416 472 1480 proelio
479 1415 577 1469 ludin-et
584 1414 681 1462 obsedit:
693 1411 761 1477 proji-
811 1449 816 1453 .

93 1490 130 1531 ter
140 1498 206 1545 quum
216 1484 332 1531 victorium
342 1482 425 1530 Romae
435 1488 551 1543 praetextoe
561 1489 585 1527 et
592 1480 634 1527 slis
643 1481 762 1541 msgirtn-
817 1497 819 1501 ·

94 1555 160 1595 tumn
176 1548 272 1611 insignis
288 1554 361 1594 sumta
377 1554 436 1593 sunt.
465 1544 494 1593 C.
505 1545 593 1592 Murius
609 1559 660 1591 cum
676 1544 762 1591 Marsis

94 1612 162 1659 dubio
176 1619 258 1659 eventu
272 1611 387 1675 pugnavit.
412 1609 521 1658 Libertini
535 1617 583 1655 tum
597 1609 693 1671 primum
703 1609 763 1653 mili-

94 1683 144 1723 tare
154 1683 277 1739 coeperunt.
304 1677 334 1723 A.
346 1674 434 1723 Plotius
444 1675 533 1737 legatus
544 1673 651 1727 Umbros,
663 1672 692 1718 L.
704 1671 762 1738 Por-

93 1741 143 1787 cius
153 1748 236 1801 praetor
247 1740 345 1793 Morsus,
361 1756 413 1786 oum
427 1747 522 1799 uterque
532 1738 627 1799 populus
638 1737 761 1791 ddecisset,

93 1804 174 1868 proelio
188 1805 297 1851 vicerunt.
327 1804 463 1851 Nicomedes
477 1804 500 1849 in
515 1802 637 1863 Bithynice,
656 1798 763 1849 Ariobsr-
855 1851 861 1857 ,

93 1884 163 1917 nance
173 1869 197 1915 in
209 1866 363 1931 Csppsdociae,
376 1884 445 1931 regne
456 1867 541 1915 reducti
551 1873 611 1914 sunt.
637 1864 681 1915 Cn.
694 1865 764 1912 Pom·

93 1934 158 1996 peius
170 1934 249 1980 consul
259 1932 351 1980 Marsos
361 1934 408 1980 scie
417 1934 479 1979 vicit.
505 1930 566 1980 eum
580 1947 625 1979 aere
639 1932 711 1978 slieno
723 1945 764 1991 op-

94 2013 172 2061 pressa
186 2004 246 2045 esset
261 1998 347 2051 civitos,
365 1994 395 2045 A.
411 1997 555 2059 Sempronius
571 1996 657 2042 Asellio
672 2001 762 2056 praetor,

95 2060 202 2123 quonium
220 2061 341 2107 secundum
357 2060 468 2107 debitores
480 2062 519 2123 jus
534 2060 628 2112 dicebat,
644 2060 671 2105 ab
686 2058 714 2103 iis
728 2056 766 2117 qui

95 2124 269 2178 incumbamus
287 2125 310 2170 in
326 2124 376 2170 foro
393 2124 481 2170 occisus
496 2131 538 2169 est
565 2122 679 2169 Praetereo
690 2122 767 2166 incun-

94 2186 706 2254 sionesaTbrscuminMscedonismfflopulotiomsquc,
712 2198 766 2230 oon-

235 2348 392 2399 EPITOME
409 2347 505 2397 LIBRI
522 2346 628 2395 Lxxv.

59 2472 63 2477 -
96 2440 128 2489 A.
140 2440 279 2489 Possumus
290 2439 386 2487 Albinus
400 2439 496 2501 legabis,
513 2452 563 2483 cum
577 2435 641 2483 clsssi
651 2440 765 2497 procuro,

95 2506 186 2553 infamis
196 2505 290 2553 crimine
297 2504 433 2566 proditionis,
446 2504 474 2549 ab
481 2501 582 2554 exercitu
589 2512 630 2548 cuo
637 2497 767 2547 interiectus

95 2578 138 2619 est·
158 2568 188 2615 1.
200 2566 319 2617 Cornelius
332 2568 394 2617 Sulle
403 2568 492 2629 legatus
500 2566 611 2616 Samnites
618 2563 697 2626 proelio
705 2564 766 2617 vicit,

96 2642 121 2682 et
130 2633 183 2681 bins
194 2641 268 2680 castre
275 2649 353 2681 eorum
361 2631 506 2695 expugnavit
524 2629 569 2678 Cn.
579 2629 700 2691 Pompeius
707 2627 768 2674 Ves-

94 2699 156 2747 tinos
166 2698 199 2746 in·
207 2696 340 2747 deditionem
351 2697 443 2761 occepit,
462 2694 492 2743 1„
502 2694 596 2743 Roscius
606 2693 691 2747 consid,
703 2692 770 2739 rebus
