1792 2950
122 133 154 176 rs
216 125 245 175 τ.
259 124 348 182 Ltvn
364 122 417 173 Lm
432 121 557 174 xxxix.
576 121 636 175 err.
652 105 694 174 re

122 258 219 306 solitum.
254 256 312 312 Tres
327 257 350 302 in
365 254 424 302 e'nno
439 262 510 302 statos
524 253 571 306 tides
584 255 693 309 habuere,
710 253 793 318 quibus⁴

121 323 217 370 interdiu
236 321 332 368 Bacchis
349 320 495 366 initiarentur.
531 319 663 367 Sacerdotes
678 322 701 367 in
717 322 790 368 vicem

121 396 235 436 matronas
253 386 322 432 creari
341 385 423 436 solitas.
463 385 578 432 Pacullam
599 384 699 432 Anniam
721 383 793 434 Cum.

122 461 203 516 prun
220 449 356 497 sacerdotem
372 449 454 502 omnia,
470 457 584 510 tamquam
600 447 678 496 Dedm
694 448 792 505 monitu,

123 513 267 564 immotisse:
285 529 336 561 nam
350 521 373 560 et
382 515 442 560 viros
453 529 502 560 eam
513 515 607 576 primam
618 527 671 560 suos
680 513 738 560 iiiios
748 514 794 562 ini-

124 580 198 634 tiisse,
216 579 314 626 Minium
329 586 352 626 et
365 577 509 626 Herennium
520 569 649 637 Cerrinios3
667 585 689 625 et
700 585 793 625 noctm-

125 659 180 692 num
191 659 277 691 sacrum
288 657 317 690 ex
328 643 414 697 diurno,
430 651 460 697 et,
472 658 513 705 pro
523 643 594 690 tribus
603 643 627 688 in
637 657 697 689 anno
707 643 793 698 dietum

125 711 206 772 quinos
217 708 310 771 singulis
319 707 432 754 mensibus
443 709 490 754 dies
503 708 617 755 initiorum
630 707 717 754 fecisse.
752 703 794 755 Ex

126 789 170 838 quo
180 775 204 820 in
214 774 340 834 promiscuo
352 787 413 820 secra
424 773 476 826 sint,
491 782 514 819 et
523 773 628 834 permixti
641 771 683 818 viri
694 771 795 826 seminis,

29 867 33 889 ι
126 846 150 886 et
164 839 236 884 noctis
249 838 338 884 licentia
353 839 477 890 accesserit,
495 838 550 883 nibil
564 838 595 883 ibi
609 836 722 890 facinoris,
737 835 798 885 nihil

126 903 211 964 flagitii,
233 902 415 963 praetermissum.
456 901 525 950 Plura
542 902 642 948 virorum
659 901 719 947 inter
736 913 795 957 sese,

126 981 194 1029 quam
212 965 352 1021 feminarum,
373 981 422 1014 esse
440 973 523 1028 stupra.
563 967 588 1014 si
606 967 645 1028 qui
662 967 737 1012 minus
755 980 798 1028 pa-

127 1033 208 1079 tientes
218 1031 331 1078 dedecoris
342 1033 394 1086 sint,
406 1039 432 1079 et·
438 1032 549 1094 pigriores
559 1027 687 1083 adiacinus,
698 1044 740 1092 pro
747 1030 799 1077 ric·

127 1097 188 1144 tinnis
206 1096 330 1142 immolari:
356 1096 410 1142 nihil
426 1096 489 1142 nefas
504 1097 592 1150 ducere,
610 1097 669 1142 banc
685 1107 800 1142 summam

126 1163 235 1208 intereos
246 1160 376 1222 religionem
387 1175 442 1206 ease.
478 1160 555 1213 Viros,
567 1161 629 1207 velut
639 1167 715 1207 mente
725 1157 802 1221 capt&

128 1241 180 1273 rum
186 1225 309 1289 jactatione
319 1223 415 1270 fanatici
425 1225 524 1286 corporis
534 1225 649 1272 vaticinari
653 1242 661 1282 ;
675 1232 799 1280 matronas,

49 1315 52 1326 =
127 1289 268 1338 Baccharum
283 1290 365 1342 habitu,
386 1289 483 1335 crinibus
497 1289 585 1351 sparsis.
604 1304 656 1336 cum
672 1284 805 1336 arderatus

127 1353 212 1402 fecibus
227 1353 343 1405 decurrere
358 1353 386 1400 ad
400 1351 506 1407 uberim,
522 1353 673 1414 dammasque
683 1352 708 1399 in
718 1367 801 1414 aquam

127 1420 188 1468 faces
217 1420 268 1481 quia
283 1420 361 1466 viuum
378 1417 538 1482 sulphureum
554 1418 615 1465 calce
630 1415 695 1477 insit)
710 1415 803 1481 integri

129 1421 221 1533 flammi
234 1484 318 1532 efferre.
354 1482 441 1547 Raptor
455 1500 469 1531 a
481 1482 534 1531 Diis
548 1484 651 1530 homines
666 1482 717 1537 dici,
734 1496 799 1544 quos,

130 1552 239 1600 machinae
246 1550 353 1611 illigatos,
363 1564 392 1594 ex
400 1556 522 1609 conspectu
529 1550 553 1594 in
561 1548 646 1595 abditos
654 1561 734 1611 specus
742 1546 802 1594 abri-

101 1646 103 1649 -
130 1616 204 1677 pient:
225 1626 329 1665 maesse,
343 1614 381 1671 qui
391 1619 430 1658 aut
441 1614 564 1675 conjurare,
578 1620 617 1659 aut
626 1610 706 1659 sociari
715 1612 804 1659 facino-

131 1678 198 1729 ribus,
208 1682 247 1722 uut
258 1684 359 1737 stuprum
366 1676 422 1753 pati,
434 1676 556 1721 noluerint.
584 1675 754 1723 Multitudinem
765 1676 804 1723 ln·

132 1748 231 1805 genten,
251 1739 346 1785 alteram
361 1754 409 1801 Jam
428 1754 498 1801 prope
515 1741 622 1803 populum
641 1756 703 1788 esser
727 1742 751 1789 in
766 1742 806 1789 iris

132 1805 218 1852 nobiles
229 1804 336 1865 quosdam
347 1805 407 1851 viros
417 1804 562 1867 feminasque.
591 1798 688 1853 Biennio
698 1806 809 1869 proximo

133 1870 260 1917 institutum
274 1882 331 1921 esse,
347 1883 376 1915 ne
389 1871 438 1931 quis
453 1872 524 1934 major
536 1869 618 1933 viginti
630 1871 808 1919 mnisinitiure·
886 1895 887 1912 ι

134 1932 811 2062 ‘mihipiiefftiiiii‘ffiiiffddiffim

96 2077 98 2083 ¹
134 2076 212 2127 preces
231 2062 326 2117 easdem,
346 2071 371 2111 ut
390 2078 414 2111 se
432 2064 551 2127 ablegaret,
571 2064 682 2127 repetivit.
718 2061 812 2126 Conari

135 2132 201 2191 rogat
213 2140 309 2181 socrum,
325 2134 350 2175 ut
364 2130 460 2191 aliquam
474 2137 560 2191 partem
575 2128 657 2177 aedium
667 2143 762 2177 vacuam
772 2128 810 2178 fa-

135 2200 202 2248 oeret,
222 2208 267 2255 quo
284 2190 379 2257 Hispala
395 2194 541 2256 immigraret.
576 2191 725 2243 Coenaeulum
740 2209 815 2258 rupee·

76 2295 88 2305 ,,
137 2258 197 2307 uades
205 2257 564 2312 detumestsoaiiaiereutrbusin
586 2260 808 2316 ublicumoboeraris,

137 2320 198 2369 aditu
208 2322 232 2369 in
243 2323 302 2369 sedes
313 2338 385 2370 verso.
420 2322 470 2370 Res
482 2338 561 2372 omues
571 2274 680 2371 d'eceniae
694 2325 810 2389 extemplo

138 2384 259 2438 umslatae,
276 2393 299 2433 et
313 2387 396 2435 familia
411 2390 529 2436 moessiia:
550 2395 574 2435 et
589 2387 697 2435 AEbutius
710 2390 810 2453 migrare

140 2448 169 2497 ud
183 2449 280 2495 consulis
294 2452 396 2501 obeuntem
408 2454 494 2516 jussus.
528 2451 566 2499 Ita
579 2468 631 2499 eum
643 2452 728 2501 indices
741 2456 814 2503 ambo

140 2514 165 2559 in
179 2518 290 2574 potestate
303 2524 392 2571 esnent'
402 2532 450 2564 rem
466 2518 495 2565 ad
509 2524 611 2565 senatum
626 2514 757 2565 Postumius
770 2520 811 2567 de-

141 2576 192 2631 iert,
205 2576 306 2625 omnibus
316 2580 393 2627 ordine
403 2582 517 2693 exppsttis,
529 2596 580 2644 quae
587 2579 660 2634 delata
665 2582 744 2645 primo,
757 2597 810 2647 quae

150 2638 224 2690 'dnm
238 2640 265 2689 ab
279 2658 305 2691 se
318 2644 423 2707 inquisita
460 2653 516 2694 reat
552 2644 632 2695 Patres
645 2659 716 2710 pauor
729 2648 817 2713 ingens
