1792 2950
195 157 326 206 T.L1v·11
344 158 397 208 Lu.
413 158 482 223 XLI.
502 159 562 210 Cur·
577 165 599 209 7.
688 167 732 211 127

65 289 118 336 dm
131 293 232 350 ternpore
241 295 265 334 et
274 290 297 334 in
310 287 411 336 sardinii
425 305 533 352 maguum
543 290 664 337 numultuur
674 307 731 346 esse,

64 351 134 400 lincis
149 351 177 398 T.
193 351 280 398 AEbutii
296 353 398 414 praetoris
413 355 530 416 cognitum
545 362 586 408 est,
604 370 660 416 quas
674 355 734 402 iilius

64 420 114 480 ejus
126 417 154 464 sd
166 424 269 464 sonuum
280 417 391 465 ainulerat.
426 417 529 473 Ilienses,
546 419 656 482 adjunctis
665 419 734 468 Bals-

61 485 139 529 ronan
154 481 249 534 auxiliis,
266 488 366 544 pacatam
376 483 518 544 provinciam
531 485 671 531 invaserant:
690 499 733 531 uec

60 547 97 594 eis
110 546 209 593 invalido
224 546 330 599 exercitu,
347 554 370 593 et
384 545 467 608 magni
480 556 544 609 parte
556 547 682 610 postulandi
694 549 734 594 aba

60 618 148 666 nmio,
165 610 240 657 resisti
253 617 347 676 poterat·
381 610 469 658 Eadem
486 620 510 658 et
527 613 647 660 Sardorum
664 613 733 674 legati

60 675 211 732 nuntiabunt3
233 682 329 728 orantes,
346 682 372 721 ut
389 677 480 723 urbibus
497 677 575 724 saltem
594 678 654 741 (jum
672 678 732 723 euim

60 756 134 804 agros
144 739 271 801 deploratos
281 736 341 799 esse)
353 755 417 801 opem
428 740 600 788 senatuslenet.
630 740 690 788 Haec
700 742 734 788 le-

58 803 732 870 gatintotumquequodadsndiuismpsrtiuebstsd

58 883 139 916 novos
155 868 298 929 magistratus
315 869 420 930 rejectum
437 877 478 916 cst.
513 869 590 931 AEque
604 869 734 917 miserabilis

59 933 151 995 legatio
162 930 290 992 Lyciorum,
307 933 345 992 qui
356 933 507 980 crudelitatem
518 934 666 989 Rhodiorum,
683 935 733 994 qui-

58 1000 107 1045 bus
124 997 153 1044 ab
167 995 195 1042 L·
209 989 315 1044 Cornelio
332 997 436 1058 Scipione
451 1000 549 1046 attributi
564 1007 635 1053 ersnt,
652 1014 732 1060 quero·

59 1066 159 1111 bactu:
180 1060 285 1108 “Fuisse
299 1061 432 1108 subditione
446 1063 567 1118 Antiochi:
586 1079 635 1110 mur
646 1064 731 1124 regiain

58 1127 201 1180 servitum,
219 1125 321 1171 collatam
336 1140 387 1172 cum
402 1128 507 1187 praesenti
521 1136 588 1181 statu,
603 1129 732 1189 praeelsraru

59 1193 187 1239 libertatem
199 1191 278 1236 visam.
312 1188 367 1236 Non
377 1191 465 1251 publico
475 1197 563 1238 tanturn
574 1207 599 1238 se
607 1193 677 1253 premi
688 1193 731 1238 iur-¹

59 1257 133 1320 perio,
151 1254 307 1315 sedsingulos
318 1255 404 1315 justum
420 1257 466 1316 pati
482 1257 610 1302 servitium:
624 1257 691 1317 juxta
706 1271 731 1302 sc

60 1322 173 1386 conjuges
191 1320 315 1378 liberosque
332 1320 422 1365 vuari:
445 1321 469 1366 iu
488 1334 576 1381 corpus,
597 1320 620 1364 iu
642 1327 731 1380 tergum

61 1385 151 1433 saevirir
171 1383 261 1436 famam,
279 1383 338 1442 quod
353 1383 470 1445 indiguum
489 1384 525 1436 sit,
543 1384 648 1430 maculari
663 1384 732 1429 dubo-¹

63 1449 206 1511 nestariqucz
217 1454 252 1495 'et
270 1447 342 1509 palam
361 1463 397 1495 res
416 1447 504 1494 odiosas
522 1447 576 1502 lieri,
589 1447 647 1509 juris
665 1447 732 1494 etiarn

63 1514 186 1576 usurpandi
197 1511 279 1570 cousti3
297 1528 325 1559 ne
334 1528 375 1574 pro
386 1512 453 1558 dubio
461 1514 562 1566 habeant,
574 1512 629 1558 nihil
639 1512 697 1557 inter
707 1526 732 1559 se

62 1586 87 1627 et
103 1583 200 1640 argento
214 1584 290 1639 paren
306 1578 415 1638 mancipia
425 1577 559 1624 iuteresse.”
592 1577 673 1623 Motus
688 1576 730 1630 his,

62 1651 157 1693 matus
172 1642 247 1689 literas
257 1640 335 1702 Lyciis
348 1642 376 1688 ad
390 1641 493 1689 Rhodios
511 1642 584 1689 dedit:
605 1649 621 1671 ‘⁴
629 1656 671 1687 uec
681 1640 731 1701 Ly-

63 1710 112 1757 cios
131 1707 235 1760 Rhodiis,
257 1720 299 1753 nec
317 1706 374 1753 ullos
392 1706 530 1768 alicuiquam,
548 1707 587 1768 qui
605 1708 650 1752 uati
668 1707 730 1752 liberi

63 1777 117 1827 sint,
129 1773 155 1819 in
166 1771 294 1826 servitutem
306 1771 351 1817 dari
359 1771 453 1832 placere.
478 1770 563 1833 Lycios
573 1773 604 1818 lta
614 1772 656 1817 sub
665 1771 730 1817 nna

62 1840 154 1885 diorum
166 1836 230 1882 siluul
244 1836 336 1897 irnperio
346 1843 370 1881 et
380 1834 450 1883 tuteli
459 1852 515 1891 esse,
527 1837 586 1884 utin
597 1836 680 1883 ditione
688 1852 730 1898 po·

62 1902 112 1966 puli
123 1900 221 1947 Romani
231 1900 331 1947 civitates
342 1900 408 1946 sociae
420 1900 490 1947 sint.”
724 1929 726 1935 ,

98 1963 159 2012 VII.
178 1964 293 2025 Triumphi
310 1964 388 2011 deinde
402 1980 431 2011 ex
446 1964 558 2027 Hispaniis
571 1966 615 2012 duo
628 1965 729 2011 continui

60 2032 115 2081 acti·
152 2028 219 2076 Prior
234 2030 378 2089 Sempronius
394 2030 511 2077 Gracchus
522 2030 551 2076 de
561 2029 679 2078 Celnheris
693 2030 730 2074 so'·

61 2092 730 2157 um

64 2223 224 2285 Quadraginta
234 2222 301 2269 millia
309 2222 383 2283 pondo
394 2223 481 2283 argenti
491 2220 650 2268 TuGrscchus
660 2227 731 2265 mus

63 2291 123 2344 tulit,
136 2286 219 2349 viginti
227 2286 297 2333 millis
307 2286 409 2333 Albinus.
449 2285 561 2331 Militibus
570 2285 671 2331 denarios
681 2282 730 2342 qui·

59 2370 104 2401 nos
113 2353 215 2405 vicenos,
232 2351 314 2413 duplex
328 2350 460 2403 centurioni,
477 2350 558 2410 triplex
571 2349 647 2409 equiti,
664 2346 728 2391 archo

59 2420 208 2479 diviserunt:¹
222 2416 291 2463 'sociis
312 2415 458 2467 tanmmdem,
481 2420 588 2473 quantum
610 2411 726 2459 Romanis.

61 2484 110 2531 Per
126 2480 218 2528 eosdem
234 2479 293 2527 forte
309 2479 356 2526 dics
373 2479 410 2526 M.
423 2478 506 2527 Juuius
522 2478 600 2523 conoul
616 2490 645 2522 ex
660 2472 729 2520 Istrid

63 2546 209 2595 comitiorum
217 2543 284 2591 causi
291 2544 388 2591 Romanu
399 2543 468 2589 venit.
487 2542 549 2588 Eum
559 2557 608 2588 curn
619 2540 641 2584 in
652 2544 730 2585 serratu

63 2608 201 2673 fetigissent
216 2608 425 2669 intenngationihus
443 2607 522 2652 tribunl
544 2606 612 2667 plebis
629 2603 730 2664 Papirius

65 2673 206 2724 ctLicinius
220 2674 248 2737 de
263 2672 298 2719 his
314 2686 364 2733 quae
380 2672 403 2719 iu
414 2670 482 2720 Istrii
491 2677 628 2723 esseotscta,
640 2669 664 2715 iu
674 2681 729 2714 con·
