1792 2950
186 169 317 222 T.L1V11
333 171 386 221 Lus.
401 169 470 220 XLI.
491 170 551 222 car.
564 177 588 220 9.
675 175 720 220 tte

61 298 149 346 demin
171 309 272 348 senatum
293 303 432 349 introductae.
469 301 562 349 Sumnta
582 300 720 362 querelantur

61 372 111 418 erat,
128 372 144 394 “
153 363 223 414 Cives
238 381 290 413 suos
304 366 387 413 Romae
400 381 481 413 censos
493 367 611 428 plerosque
621 364 719 410 Romam

59 427 228 490 commigrasse:
247 431 306 490 quod
320 431 338 476 si
352 431 498 493 permittatur,
516 429 631 492 mucis
644 428 721 474 lustris

56 491 161 548 futurum,
180 501 205 540 ut
215 496 301 541 deserta
311 496 397 557 oppida,
414 495 495 542 deserti
505 495 560 556 agri,
577 493 664 539 nullum
678 492 721 537 mi·
779 547 782 556 Ι

56 558 117 603 litem
134 558 187 604 dare
201 558 319 620 possent‘'
352 559 468 621 Fregellas
480 574 569 620 quoque
583 557 651 604 millia
665 572 734 620 qua-¹

54 629 107 668 tuor
116 621 249 670 familiarum
260 624 365 670 transisse
378 625 405 670 ab
416 639 447 677 se,
466 624 577 669 Samnites
588 622 721 683 Pelignique
749 682 753 686 ι

53 687 215 746 querebantur:
236 701 307 747 neque
317 704 344 734 eo
355 688 428 734 minus
439 695 478 734 aut
488 689 529 733 bos
539 695 578 734 aut
587 687 637 732 illos
647 687 671 731 in
681 686 721 731 de·

52 750 138 796 lectum
149 751 243 797 militum
255 752 314 798 dare
341 753 432 799 Genera
441 759 516 798 autem
525 751 608 797 fraudis
618 751 663 796 duo
670 765 722 797 mu·

51 815 131 862 tandae
147 816 227 861 viritim
242 816 336 862 civitatis
346 816 436 862 inducta
443 824 515 862 erant.
531 862 535 874 ,
549 815 599 862 Lex
610 815 683 867 sociis,
695 829 721 860 ae

53 879 155 924 nominis
164 878 237 926 latini
247 881 285 940 qui
296 882 385 942 stirpem
394 895 422 926 ex
431 895 480 927 sese
488 881 548 926 domi
563 881 719 940 relinquerent,

52 943 130 996 dabat,
143 950 168 988 ut
178 944 235 990 cives
246 944 344 990 Romani
354 944 444 991 tierent:
464 943 490 991 erl
499 945 551 1007 lege
561 945 619 990 male
630 943 720 997 utendo,

52 1007 94 1053 alii
113 1007 186 1061 sociis,
206 1009 241 1054 alii
259 1010 342 1070 populo
352 1009 465 1063 Romano,
483 1010 585 1070 injuriam
602 1008 719 1054 iaciebant.

52 1071 119 1117 Nam
134 1079 163 1125 et,
181 1086 209 1119 ne
223 1073 313 1135 stirpem
328 1074 387 1120 domi
401 1073 557 1134 relinquerent,
573 1074 654 1118 liberos
668 1087 721 1118 suos

51 1136 213 1198 quibusquibus
221 1136 330 1184 Romanis
340 1138 363 1184 in
373 1153 422 1184 eam
433 1139 589 1189 conditionem,
606 1144 633 1182 ut
642 1150 722 1181 manu-

52 1200 203 1254 mitterentur,
220 1202 330 1264 mancipio
348 1203 434 1256 dabant,
451 1202 591 1261 libertinique
606 1201 666 1246 cives
685 1215 721 1246 es-

51 1271 118 1311 sent:
132 1271 156 1312 et
166 1266 245 1325 quibus
256 1267 334 1328 stirpes
345 1267 438 1320 deesset,
450 1281 516 1327 quam
528 1265 682 1324 relinquerent,
694 1271 721 1308 ut

51 1329 115 1376 cives
131 1329 230 1376 Romani
245 1326 359 1394 [fiebant]
392 1330 482 1384 Postea,
499 1330 534 1375 his
544 1327 722 1389 quoqueimagi·

50 1394 182 1455 nrbusjuris
192 1395 279 1455 spretis,
291 1396 416 1456 promiscue
426 1396 475 1441 sine
483 1394 541 1455 lege,
553 1394 602 1438 sine
612 1392 686 1452 stirpe»
697 1391 721 1435 in

52 1459 167 1506 dvitatem
176 1458 302 1507 Romanam
309 1476 349 1522 per
357 1460 513 1523 migrationem
519 1467 542 1505 et
550 1470 641 1503 censum
649 1462 722 1501 trans·

51 1524 123 1570 ibant.
159 1522 220 1570 Haeo
231 1539 259 1570 ne
269 1533 346 1586 postea
354 1525 440 1577 fierent,
456 1524 559 1585 petebant
569 1521 645 1583 legati,
663 1525 687 1566 et
697 1526 722 1565 ut

51 1588 126 1634 redire
136 1588 160 1634 in
171 1589 271 1635 civitates
277 1590 381 1651 juberent
396 1589 483 1645 socios;
499 1587 578 1634 deinde
588 1592 614 1631 ut
623 1585 674 1646 lege
685 1598 722 1629 ca-

53 1660 141 1707 verent,
159 1653 251 1713 nequis
266 1664 336 1713 quem·
342 1653 437 1699 deitatis
447 1652 561 1699 mumndae
575 1648 641 1696 causti
655 1662 720 1695 suum

51 1716 145 1770 faceret,
162 1731 220 1763 neve
230 1717 346 1764 alienaret:
365 1726 395 1771 et,
408 1718 426 1763 si
436 1719 487 1777 quis
497 1718 528 1763 ita
538 1716 593 1763 civis
603 1714 721 1761 Romanus

51 1781 128 1828 saetam
138 1788 198 1829 esset
208 1784 265 1827 m.
300 1782 360 1828 Haeo
370 1783 487 1843 impetrata
496 1783 523 1827 ab
534 1788 618 1827 senatu

85 1845 136 1891 lx.
156 1844 281 1893 Provinciae
296 1846 381 1899 deinde,
398 1862 449 1906 quae
464 1847 488 1892 in
505 1846 564 1892 bello
579 1851 650 1905 eraut,
668 1843 721 1890 Sar-

52 1910 116 1957 dinia
132 1916 198 1970 atque
215 1909 281 1958 latria
297 1911 398 1957 decretae.
433 1909 462 1955 In
479 1910 602 1958 Sardiniam
619 1909 670 1955 dure
688 1908 720 1953 le-

51 1975 136 2037 giones
147 1974 209 2021 scribi
215 1976 300 2037 jussae,
312 1976 379 2035 quina
389 1976 457 2021 millia
466 1975 490 2019 in
501 1974 600 2035 singulas
611 1980 634 2019 et
642 1972 721 2017 duoeni
789 2027 791 2040 Ι

51 2038 147 2102 pedites,
166 2040 248 2086 treceni
263 2040 362 2099 equites;
379 2046 402 2086 et
415 2038 612 2085 duodeadmmillia
622 2036 721 2097 peditum

51 2104 164 2151 sociorum
182 2119 209 2150 ao
225 2102 301 2151 Latini
317 2103 420 2157 nominis,
437 2110 461 2148 et
475 2102 575 2147 sexeeuti
588 2101 680 2160 equuteo,
697 2105 721 2143 et

51 2170 129 2215 decem
145 2168 315 2229 quinqueremes
325 2182 401 2221 naves,
419 2166 437 2212 si
448 2157 557 2212 deduoere'
567 2179 597 2210 ex
607 2162 722 2208 navalibus

52 2234 126 2281 vellet.
163 2231 314 2279 Tantumdem
324 2232 422 2293 peditum
433 2231 577 2290 equitumque
586 2228 611 2272 in
621 2224 720 2278 istriam,

51 2304 161 2361 quantum
172 2296 197 2342 in
206 2296 336 2350 Sardiniam,
349 2296 469 2341 decretum.
488 2292 522 2339 Et
531 2292 643 2353 legionem
653 2302 721 2334 unam

52 2377 103 2409 eum
112 2361 224 2422 equitibus
234 2360 345 2414 trecentis,
358 2370 381 2406 et
391 2360 488 2419 quinque
498 2356 566 2402 millia
575 2354 673 2416 peditum
685 2367 722 2399 so-

51 2428 146 2479 eiomm,
164 2432 188 2471 et
202 2426 310 2471 ducentos
324 2422 484 2485 quinquaginta
498 2421 588 2467 mittere
600 2418 686 2479 equites
698 2417 722 2462 in

53 2490 190 2553 Hispaniam
208 2490 311 2535 consules
327 2488 354 2535 ad
371 2488 406 2535 Μ.
418 2486 532 2533 ,Titinium
544 2483 609 2545 jussi
644 2479 723 2527 Prius·

39 2570 119 2616 'quam
136 2554 241 2601 consules
255 2552 379 2614 provincias
395 2551 533 2600 sortirentur,
550 2546 650 2609 prodigia
665 2558 723 2589 nun-

52 2620 107 2665 tiata
126 2624 193 2665 sunt:
212 2617 306 2679 lapidem
325 2618 348 2663 in
367 2630 422 2677 agro
442 2612 589 2662 Crustumino
605 2611 629 2655 in
648 2609 721 2655 laeum

53 2682 139 2731 Martis
151 2682 180 2729 de
195 2682 253 2729 coelo
266 2680 383 2728 cecidisse:
402 2692 496 2741 puerum
507 2676 579 2723 trunci
590 2672 689 2736 corporis
698 2672 738 2720 ln)
