1792 2950
147 155 179 200 96
276 143 477 196 T.LIV11Lnr.
492 143 546 192 XL.
566 139 626 194 Car.
638 143 679 192 87⁴

147 279 308 342 rempublicam
318 277 436 338 gessisset:
448 282 472 320 ct
482 275 557 320 caeteri
567 280 674 336 praetores
683 273 708 318 in
717 272 811 335 provin.

146 346 191 392 cias
202 344 269 390 missi.
305 340 337 393 Q.
347 340 416 386 Fabio
431 339 529 385 Buteoni
537 338 687 399 'prorogatum
700 339 723 383 in
734 338 812 386 Gellii

146 410 261 471 imperium
272 411 313 452 est.
348 404 407 450 Octo
417 404 524 464 legiones,
539 410 621 463 praeter
633 402 758 448 exercitam
770 419 812 449 ve-

146 482 223 526 terem,
241 471 278 531 qui
294 470 317 513 in
333 468 455 529 Liguribus
470 468 493 512 in
509 481 548 527 spe
561 464 685 528 propinqui
698 467 811 514 missionis

146 544 199 588 erat,
216 550 243 580 eo
257 548 316 580 anno
327 548 375 578 esse
385 532 480 594 placuit:
499 538 522 576 et
531 531 551 576 is
561 531 609 592 ipse
622 531 733 577 exercitus
749 547 813 593 segre

146 600 273 661 explebatur
283 604 372 659 propter
382 596 536 658 pestilentiam,
552 610 603 654 quae
608 597 658 657 Jam
668 595 761 641 tertium
771 609 813 642 an-

148 677 201 710 num
213 664 288 709 urbem
300 662 425 708 Romanam
436 668 503 720 atque
514 658 601 705 Italiam
612 661 718 705 vastabat

179 725 315 773 XXXVII.
330 725 419 772 Praetor
426 724 463 770 Ti.
472 724 594 776 Minucius,
604 730 627 768 et
634 723 693 769 baud
700 724 733 770 its
739 725 815 771 multo

147 801 197 855 post
205 792 283 837 consul
292 789 319 838 C.
330 789 471 851 Calpurnius,
482 789 587 844 moritur3
602 788 711 847 multique
718 789 757 833 alii
765 806 814 835 om-
837 790 844 800 “

147 858 209 902 nium
224 856 325 901 ordinum
340 854 437 899 illustres
450 853 506 899 viri:
527 860 638 913 postremo
652 852 750 914 prodigii
764 854 815 900 loeo

147 937 174 967 ea
192 920 265 966 clades
281 918 355 964 baberi
373 925 447 979 coepta
465 924 506 963 est
541 915 570 964 C.
588 915 694 963 Servilius
712 918 815 977 pontifex

127 1019 129 1022 -
148 985 257 1031 maximus
265 982 351 1044 piacula
358 982 398 1028 irae
405 981 484 1028 Derim
492 982 621 1040 conquirere
626 982 712 1042 jussus,
724 981 816 1028 masn-

146 1050 188 1096 viri
198 1049 265 1094 libros
279 1048 393 1108 inspicere,
410 1047 489 1092 consul
498 1045 605 1106 Apollini,
618 1044 759 1106 AEsculapio,
773 1048 815 1093 Sa·

147 1114 187 1160 luti
199 1113 256 1159 dona
266 1126 354 1165 vovere,
371 1118 394 1156 et
409 1110 462 1156 dare
476 1111 541 1170 signa
553 1110 666 1165 inaurata;
683 1125 737 1170 quae
750 1113 816 1158 vovit

147 1178 258 1237 deditque.
284 1175 414 1223 Decemviri
425 1175 606 1236 suppliestionem
615 1175 639 1219 in
649 1174 742 1220 biduum
753 1176 816 1222 vale-

147 1243 229 1289 tudinis
240 1240 306 1288 causi
316 1241 340 1286 in
351 1239 414 1286 Urbe
425 1246 448 1284 et
461 1254 501 1300 per
515 1238 589 1284 omnia
598 1237 646 1284 fora
657 1239 816 1286 conciliabula·

147 1322 191 1367 que
201 1307 329 1354 edixerunt:
347 1305 441 1366 majores
453 1302 566 1348 duodecim
575 1303 645 1355 annis,
658 1317 738 1348 omnes
748 1319 817 1350 coro·

147 1372 193 1418 nati
211 1379 234 1418 et
252 1372 349 1417 lauream
367 1369 390 1414 in
409 1381 477 1413 manu
495 1373 603 1419 tenentes,
623 1367 813 1427 supplicaverunt.

148 1433 241 1483 FraudIs
252 1450 339 1497 quoque
347 1435 451 1481 burnanae
457 1431 608 1477 insinuaverat
615 1431 711 1492 suspicio
720 1432 814 1490 mimia

147 1507 170 1547 et
177 1500 277 1547 veneficii
285 1500 378 1560 quaestio
386 1512 415 1543 ex
423 1495 633 1549 senatis-musula,
642 1496 733 1556 quodin
742 1496 814 1553 Urbe,

147 1560 817 1687 illitirlciiimllptidrtsia

147 1698 195 1737 erat
205 1690 323 1736 suffectus:
343 1691 400 1736 ultra
410 1690 521 1736 decimum
530 1689 632 1750 lapidem,
647 1704 687 1750 per
696 1688 749 1736 sors
758 1706 817 1737 eon·

147 1753 288 1813 ciliabulaque
300 1751 328 1800 C.
339 1753 433 1811 Maenio,
450 1755 577 1815 priusquam
590 1754 614 1799 in
626 1753 751 1801 Sardiniam
761 1771 817 1817 pro-

146 1817 242 1863 vinciam
261 1818 377 1878 trajiceret,
397 1818 491 1864 decreta.
527 1818 634 1879 Suspecta
651 1819 752 1865 consuas
767 1828 817 1868 erat

147 1895 208 1926 mors
218 1882 325 1927 maxime:
342 1890 432 1927 necatus
443 1897 457 1927 a
468 1880 555 1936 Quarti
566 1879 665 1928 Hostilii
675 1896 747 1930 uxore
754 1883 818 1931 dice-

146 1946 217 1991 batur.
253 1944 288 1991 Ut
298 1946 385 2005 quidem
396 1944 455 1991 iilius
465 1948 513 2008 ejus
526 1946 558 2001 Q,
568 1946 661 1993 Fulvius
677 1946 776 1995 Flaccus
790 1950 815 1995 in

145 2010 220 2056 locum
235 2009 308 2055 vitrici
323 2010 401 2056 consul
414 2018 450 2056 est
463 2011 592 2064 declaratus,
608 2012 722 2071 aliquanto
738 2013 816 2075 magis

147 2073 234 2121 infamis
250 2088 310 2120 mors
325 2073 414 2121 Pisonis
428 2075 496 2137 coepit
509 2091 572 2133 esse3
591 2083 615 2123 et
630 2082 699 2122 testes
715 2079 815 2126 exsiste·

145 2140 208 2193 bant,
225 2140 269 2200 qui,
281 2147 333 2203 post
343 2140 464 2186 declaratos
477 2142 580 2187 consules
593 2140 701 2187 Albinum
711 2149 737 2187 et
745 2141 817 2188 Piso-

147 2218 205 2257 nem,
217 2204 296 2264 quibus
306 2204 401 2250 comitiis
412 2204 507 2251 Flaccus
517 2205 596 2252 tulerat
606 2206 725 2267 repulsam,
737 2214 761 2253 et
771 2221 817 2253 ex-

145 2268 302 2327 probratumei
318 2284 331 2315 a
345 2276 417 2315 matre
429 2270 534 2322 dicerent,
551 2270 611 2330 quod
621 2271 669 2331 jam
684 2270 705 2315 ei
719 2271 815 2335 tertium

147 2333 817 2457 latitadtltiiitttiitiffitiffi

147 2460 173 2497 ut
192 2456 270 2503 consu
286 2448 375 2506 fleat
409 2460 472 2507 nar
487 2462 557 2508 mua
572 2463 615 2508 aua
629 2463 765 2518 tesmonia,
786 2462 817 2510 m

146 2528 236 2561 causam
256 2523 393 2579 pertinentia,
416 2527 465 2571 haec
485 2541 573 2586 quoque
594 2540 646 2579 vox,
669 2526 738 2573 nimis
759 2542 821 2573 vero

148 2584 229 2648 eventu
240 2588 385 2643 comprobata,
402 2590 477 2642 valuit,
493 2604 534 2635 cur
549 2589 649 2636 Hostilia
661 2590 816 2637 damnaretur.

150 2635 217 2687 vem
231 2642 336 2706 Principio
351 2650 423 2711 huJ'us,
441 2653 494 2699 dum
508 2655 612 2701 consules
627 2668 699 2704 novos
715 2655 826 2703 delectam
