<?xml version="1.0" encoding="UTF-8"?>
<!DOCTYPE html PUBLIC "-//W3C//DTD XHTML 1.0 Transitional//EN"
    "http://www.w3.org/TR/xhtml1/DTD/xhtml1-transitional.dtd">
<html xmlns="http://www.w3.org/1999/xhtml" xml:lang="en" lang="en">
 <head>
  <title>
</title>
<meta http-equiv="Content-Type" content="text/html;charset=utf-8" />
  <meta name='ocr-system' content='tesseract 3.04.00' />
  <meta name='ocr-capabilities' content='ocr_page ocr_carea ocr_par ocr_line ocrx_word'/>
</head>
<body>
  <div class='ocr_page' id='page_1' title='image "./tliviipatavinih00caregoog_0308.png"; bbox 0 0 1792 2950; ppageno 0'>
   <div class='ocr_carea' id='block_1_1' title="bbox 155 146 829 214">
    <p class='ocr_par' dir='ltr' id='par_1_1' title="bbox 155 146 829 214">
     <span class='ocr_line' id='line_1_1' title="bbox 155 146 829 214; baseline 0.004 -4"><span class='ocrx_word' id='word_1_1' title='bbox 155 148 299 211; x_wconf 58' lang='lat' dir='ltr'>*nlnrrn</span> <span class='ocrx_word' id='word_1_2' title='bbox 315 146 552 214; x_wconf 56' lang='lat' dir='ltr'>uranum-cii.</span> <span class='ocrx_word' id='word_1_3' title='bbox 567 168 605 211; x_wconf 85' lang='lat'>41.</span> <span class='ocrx_word' id='word_1_4' title='bbox 670 150 720 213; x_wconf 75' lang='lat' dir='ltr'>ssi</span> <span class='ocrx_word' id='word_1_5' title='bbox 822 180 829 191; x_wconf 37' lang='lat' dir='ltr'>x</span> 
     </span>
    </p>
   </div>
   <div class='ocr_carea' id='block_1_2' title="bbox 2 284 764 2779">
    <p class='ocr_par' dir='ltr' id='par_1_2' title="bbox 51 284 725 1886">
     <span class='ocr_line' id='line_1_2' title="bbox 51 284 722 343; baseline 0.001 -6"><span class='ocrx_word' id='word_1_6' title='bbox 51 290 388 343; x_wconf 78' lang='lat' dir='ltr'>interdmmam&#39;busavertere.</span> <span class='ocrx_word' id='word_1_7' title='bbox 413 284 722 341; x_wconf 78' lang='lat' dir='ltr'>Hiambsbusdrmitercnm·&#39;</span> 
     </span>
     <span class='ocr_line' id='line_1_3' title="bbox 52 354 719 424; baseline 0 -23"><span class='ocrx_word' id='word_1_8' title='bbox 52 354 180 417; x_wconf 75' lang='lat' dir='ltr'>prehensas</span> <span class='ocrx_word' id='word_1_9' title='bbox 192 354 254 402; x_wconf 73' lang='lat' dir='ltr'>tanti</span> <span class='ocrx_word' id='word_1_10' title='bbox 263 358 286 402; x_wconf 81' lang='lat' dir='ltr'>vi</span> <span class='ocrx_word' id='word_1_11' title='bbox 293 356 385 418; x_wconf 76' lang='lat' dir='ltr'>adigere</span> <span class='ocrx_word' id='word_1_12' title='bbox 394 358 418 403; x_wconf 89' lang='lat' dir='ltr'>ln</span> <span class='ocrx_word' id='word_1_13' title='bbox 428 366 511 424; x_wconf 73' lang='lat' dir='ltr'>temere</span> <span class='ocrx_word' id='word_1_14' title='bbox 525 373 550 403; x_wconf 88' lang='lat' dir='ltr'>ac</span> <span class='ocrx_word' id='word_1_15' title='bbox 566 357 640 403; x_wconf 83' lang='lat' dir='ltr'>furore</span> <span class='ocrx_word' id='word_1_16' title='bbox 658 371 719 402; x_wconf 79' lang='lat' dir='ltr'>caeco</span> 
     </span>
     <span class='ocr_line' id='line_1_4' title="bbox 54 418 719 481; baseline -0.002 -15"><span class='ocrx_word' id='word_1_17' title='bbox 54 427 158 473; x_wconf 79' lang='lat' dir='ltr'>ruentes,</span> <span class='ocrx_word' id='word_1_18' title='bbox 178 427 210 474; x_wconf 89' lang='lat' dir='ltr'>ut,</span> <span class='ocrx_word' id='word_1_19' title='bbox 230 420 356 467; x_wconf 68' lang='lat' dir='ltr'>transfossis</span> <span class='ocrx_word' id='word_1_20' title='bbox 374 422 442 467; x_wconf 86' lang='lat' dir='ltr'>scutis</span> <span class='ocrx_word' id='word_1_21' title='bbox 460 422 583 481; x_wconf 79' lang='lat' dir='ltr'>laticisque,</span> <span class='ocrx_word' id='word_1_22' title='bbox 602 418 719 467; x_wconf 82' lang='lat' dir='ltr'>transfixos</span> 
     </span>
     <span class='ocr_line' id='line_1_5' title="bbox 55 482 720 546; baseline 0.002 -16"><span class='ocrx_word' id='word_1_23' title='bbox 55 484 127 530; x_wconf 76' lang='lat' dir='ltr'>stiam</span> <span class='ocrx_word' id='word_1_24' title='bbox 144 484 246 530; x_wconf 84' lang='lat' dir='ltr'>homines</span> <span class='ocrx_word' id='word_1_25' title='bbox 263 500 328 546; x_wconf 92' lang='lat' dir='ltr'>super</span> <span class='ocrx_word' id='word_1_26' title='bbox 343 486 414 546; x_wconf 87' lang='lat' dir='ltr'>capita</span> <span class='ocrx_word' id='word_1_27' title='bbox 423 486 561 546; x_wconf 88' lang='lat' dir='ltr'>projicerent.</span> <span class='ocrx_word' id='word_1_28' title='bbox 597 485 634 531; x_wconf 83' lang='lat' dir='ltr'>stc</span> <span class='ocrx_word' id='word_1_29' title='bbox 645 482 720 545; x_wconf 86' lang='lat' dir='ltr'>profli-</span> 
     </span>
     <span class='ocr_line' id='line_1_6' title="bbox 55 546 718 609; baseline -0.002 -15"><span class='ocrx_word' id='word_1_30' title='bbox 55 548 120 609; x_wconf 69' lang='lat' dir='ltr'>gatis</span> <span class='ocrx_word' id='word_1_31' title='bbox 132 546 277 609; x_wconf 82' lang='lat' dir='ltr'>Pelignornm</span> <span class='ocrx_word' id='word_1_32' title='bbox 287 550 364 609; x_wconf 84' lang='lat' dir='ltr'>primis</span> <span class='ocrx_word' id='word_1_33' title='bbox 371 550 489 602; x_wconf 88' lang='lat' dir='ltr'>ordinibus,</span> <span class='ocrx_word' id='word_1_34' title='bbox 502 549 617 595; x_wconf 85' lang='lat' dir='ltr'>caeduntur</span> <span class='ocrx_word' id='word_1_35' title='bbox 625 563 718 609; x_wconf 83' lang='lat' dir='ltr'>quoque,</span> 
     </span>
     <span class='ocr_line' id='line_1_7' title="bbox 55 612 721 673; baseline 0.002 -16"><span class='ocrx_word' id='word_1_36' title='bbox 55 613 95 671; x_wconf 87' lang='lat' dir='ltr'>qui</span> <span class='ocrx_word' id='word_1_37' title='bbox 110 620 164 673; x_wconf 92' lang='lat' dir='ltr'>post</span> <span class='ocrx_word' id='word_1_38' title='bbox 174 612 224 657; x_wconf 90' lang='lat' dir='ltr'>illos</span> <span class='ocrx_word' id='word_1_39' title='bbox 234 620 354 659; x_wconf 84' lang='lat' dir='ltr'>steterant:</span> <span class='ocrx_word' id='word_1_40' title='bbox 373 620 445 673; x_wconf 81' lang='lat' dir='ltr'>atque,</span> <span class='ocrx_word' id='word_1_41' title='bbox 458 614 499 659; x_wconf 88' lang='lat' dir='ltr'>etsi</span> <span class='ocrx_word' id='word_1_42' title='bbox 511 613 607 659; x_wconf 88' lang='lat' dir='ltr'>nondum</span> <span class='ocrx_word' id='word_1_43' title='bbox 619 612 721 658; x_wconf 83' lang='lat' dir='ltr'>confessa</span> 
     </span>
     <span class='ocr_line' id='line_1_8' title="bbox 54 674 722 737; baseline 0 -16"><span class='ocrx_word' id='word_1_44' title='bbox 54 675 122 737; x_wconf 78' lang='lat' dir='ltr'>fuga,</span> <span class='ocrx_word' id='word_1_45' title='bbox 133 676 213 737; x_wconf 81' lang='lat' dir='ltr'>pedem</span> <span class='ocrx_word' id='word_1_46' title='bbox 227 675 348 723; x_wconf 76' lang='lat' dir='ltr'>referebant</span> <span class='ocrx_word' id='word_1_47' title='bbox 360 684 435 722; x_wconf 88' lang='lat' dir='ltr'>tamen</span> <span class='ocrx_word' id='word_1_48' title='bbox 445 685 544 723; x_wconf 88' lang='lat' dir='ltr'>montem</span> <span class='ocrx_word' id='word_1_49' title='bbox 555 692 647 733; x_wconf 81' lang='lat' dir='ltr'>versus3</span> <span class='ocrx_word' id='word_1_50' title='bbox 665 674 722 737; x_wconf 85' lang='lat' dir='ltr'>Olo-¹</span> 
     </span>
     <span class='ocr_line' id='line_1_9' title="bbox 55 738 720 801; baseline -0.002 -16"><span class='ocrx_word' id='word_1_51' title='bbox 55 754 123 785; x_wconf 91' lang='lat' dir='ltr'>crum</span> <span class='ocrx_word' id='word_1_52' title='bbox 138 740 252 801; x_wconf 77' lang='lat' dir='ltr'>indigenae</span> <span class='ocrx_word' id='word_1_53' title='bbox 270 749 358 786; x_wconf 88' lang='lat' dir='ltr'>vocant.</span> <span class='ocrx_word' id='word_1_54' title='bbox 394 738 442 787; x_wconf 85' lang='lat' dir='ltr'>Hic</span> <span class='ocrx_word' id='word_1_55' title='bbox 460 756 514 787; x_wconf 90' lang='lat' dir='ltr'>vero</span> <span class='ocrx_word' id='word_1_56' title='bbox 531 741 613 788; x_wconf 84' lang='lat' dir='ltr'>exarsit</span> <span class='ocrx_word' id='word_1_57' title='bbox 627 740 720 787; x_wconf 86' lang='lat' dir='ltr'>AEmilio</span> 
     </span>
     <span class='ocr_line' id='line_1_10' title="bbox 55 804 720 867; baseline -0.002 -18"><span class='ocrx_word' id='word_1_58' title='bbox 55 804 131 857; x_wconf 90' lang='lat' dir='ltr'>dolor,</span> <span class='ocrx_word' id='word_1_59' title='bbox 143 811 170 850; x_wconf 95' lang='lat' dir='ltr'>ut</span> <span class='ocrx_word' id='word_1_60' title='bbox 180 805 247 849; x_wconf 85' lang='lat' dir='ltr'>etiam</span> <span class='ocrx_word' id='word_1_61' title='bbox 263 819 292 850; x_wconf 86' lang='lat' dir='ltr'>ex</span> <span class='ocrx_word' id='word_1_62' title='bbox 307 805 459 866; x_wconf 79' lang='lat' dir='ltr'>indignatione</span> <span class='ocrx_word' id='word_1_63' title='bbox 472 805 649 867; x_wconf 80' lang='lat' dir='ltr'><strong>paludamentum</strong></span> <span class='ocrx_word' id='word_1_64' title='bbox 662 804 720 849; x_wconf 87' lang='lat' dir='ltr'>scin-</span> 
     </span>
     <span class='ocr_line' id='line_1_11' title="bbox 55 867 719 920; baseline -0.003 -5"><span class='ocrx_word' id='word_1_65' title='bbox 55 868 130 915; x_wconf 83' lang='lat' dir='ltr'>deret.</span> <span class='ocrx_word' id='word_1_66' title='bbox 160 867 222 914; x_wconf 86' lang='lat' dir='ltr'>Nam</span> <span class='ocrx_word' id='word_1_67' title='bbox 232 876 255 914; x_wconf 90' lang='lat' dir='ltr'>et</span> <span class='ocrx_word' id='word_1_68' title='bbox 264 869 287 913; x_wconf 89' lang='lat' dir='ltr'>iu</span> <span class='ocrx_word' id='word_1_69' title='bbox 296 869 382 914; x_wconf 81' lang='lat' dir='ltr'>caeteris</span> <span class='ocrx_word' id='word_1_70' title='bbox 391 869 446 915; x_wconf 86' lang='lat' dir='ltr'>locis</span> <span class='ocrx_word' id='word_1_71' title='bbox 457 870 544 916; x_wconf 84' lang='lat' dir='ltr'>videbat</span> <span class='ocrx_word' id='word_1_72' title='bbox 551 869 649 915; x_wconf 86' lang='lat' dir='ltr'>cunctari</span> <span class='ocrx_word' id='word_1_73' title='bbox 660 883 719 920; x_wconf 84' lang='lat' dir='ltr'>suos,</span> 
     </span>
     <span class='ocr_line' id='line_1_12' title="bbox 55 930 721 993; baseline -0.002 -15"><span class='ocrx_word' id='word_1_74' title='bbox 55 931 181 991; x_wconf 81' lang='lat' dir='ltr'>timideque</span> <span class='ocrx_word' id='word_1_75' title='bbox 188 933 292 978; x_wconf 77' lang='lat' dir='ltr'>accedere</span> <span class='ocrx_word' id='word_1_76' title='bbox 301 932 329 979; x_wconf 89' lang='lat' dir='ltr'>ad</span> <span class='ocrx_word' id='word_1_77' title='bbox 338 933 398 978; x_wconf 79' lang='lat' dir='ltr'>illam</span> <span class='ocrx_word' id='word_1_78' title='bbox 408 934 470 979; x_wconf 80' lang='lat' dir='ltr'>velut</span> <span class='ocrx_word' id='word_1_79' title='bbox 479 934 572 979; x_wconf 82' lang='lat' dir='ltr'>ferream</span> <span class='ocrx_word' id='word_1_80' title='bbox 584 948 664 993; x_wconf 84' lang='lat' dir='ltr'>sepem,</span> <span class='ocrx_word' id='word_1_81' title='bbox 678 930 721 992; x_wconf 81' lang='lat' dir='ltr'>qud</span> 
     </span>
     <span class='ocr_line' id='line_1_13' title="bbox 54 995 721 1055; baseline -0.001 -14"><span class='ocrx_word' id='word_1_82' title='bbox 54 995 158 1055; x_wconf 86' lang='lat' dir='ltr'>undique</span> <span class='ocrx_word' id='word_1_83' title='bbox 172 996 230 1041; x_wconf 84' lang='lat' dir='ltr'>acies</span> <span class='ocrx_word' id='word_1_84' title='bbox 243 996 390 1043; x_wconf 88' lang='lat' dir='ltr'>Macedonica</span> <span class='ocrx_word' id='word_1_85' title='bbox 405 998 536 1043; x_wconf 81' lang='lat' dir='ltr'>inhorrebat.</span> <span class='ocrx_word' id='word_1_86' title='bbox 565 996 609 1042; x_wconf 87' lang='lat' dir='ltr'>Sed</span> <span class='ocrx_word' id='word_1_87' title='bbox 622 996 721 1041; x_wconf 88' lang='lat' dir='ltr'>animad-</span> 
     </span>
     <span class='ocr_line' id='line_1_14' title="bbox 53 1059 720 1120; baseline -0.001 -14"><span class='ocrx_word' id='word_1_88' title='bbox 53 1061 128 1106; x_wconf 83' lang='lat' dir='ltr'>vertit</span> <span class='ocrx_word' id='word_1_89' title='bbox 137 1060 222 1120; x_wconf 86' lang='lat' dir='ltr'>peritus</span> <span class='ocrx_word' id='word_1_90' title='bbox 236 1061 289 1113; x_wconf 87' lang='lat' dir='ltr'>dux,</span> <span class='ocrx_word' id='word_1_91' title='bbox 306 1075 351 1106; x_wconf 91' lang='lat' dir='ltr'>non</span> <span class='ocrx_word' id='word_1_92' title='bbox 361 1069 420 1106; x_wconf 89' lang='lat' dir='ltr'>stare</span> <span class='ocrx_word' id='word_1_93' title='bbox 430 1061 511 1120; x_wconf 88' lang='lat' dir='ltr'>ubique</span> <span class='ocrx_word' id='word_1_94' title='bbox 525 1059 645 1106; x_wconf 83' lang='lat' dir='ltr'>confertam</span> <span class='ocrx_word' id='word_1_95' title='bbox 660 1060 720 1105; x_wconf 91' lang='lat' dir='ltr'>illam</span> 
     </span>
     <span class='ocr_line' id='line_1_15' title="bbox 52 1123 725 1185; baseline -0.001 -15"><span class='ocrx_word' id='word_1_96' title='bbox 52 1124 157 1170; x_wconf 88' lang='lat' dir='ltr'>hostium</span> <span class='ocrx_word' id='word_1_97' title='bbox 164 1123 225 1169; x_wconf 84' lang='lat' dir='ltr'>velut</span> <span class='ocrx_word' id='word_1_98' title='bbox 231 1138 367 1185; x_wconf 78' lang='lat' dir='ltr'>compagem,</span> <span class='ocrx_word' id='word_1_99' title='bbox 380 1138 473 1182; x_wconf 87' lang='lat' dir='ltr'>eamque</span> <span class='ocrx_word' id='word_1_100' title='bbox 483 1123 594 1168; x_wconf 80' lang='lat' dir='ltr'>dehiscere</span> <span class='ocrx_word' id='word_1_101' title='bbox 601 1123 725 1169; x_wconf 89' lang='lat' dir='ltr'>identidem·</span> 
     </span>
     <span class='ocr_line' id='line_1_16' title="bbox 53 1186 721 1247; baseline -0.001 -14"><span class='ocrx_word' id='word_1_102' title='bbox 53 1186 189 1247; x_wconf 73' lang='lat' dir='ltr'>quulsnsdam</span> <span class='ocrx_word' id='word_1_103' title='bbox 200 1187 327 1241; x_wconf 80' lang='lat' dir='ltr'>intervallis,</span> <span class='ocrx_word' id='word_1_104' title='bbox 337 1188 384 1233; x_wconf 83' lang='lat' dir='ltr'>sire</span> <span class='ocrx_word' id='word_1_105' title='bbox 394 1188 422 1233; x_wconf 88' lang='lat' dir='ltr'>ob</span> <span class='ocrx_word' id='word_1_106' title='bbox 432 1187 603 1246; x_wconf 79' lang='lat' dir='ltr'>inaequalitatem</span> <span class='ocrx_word' id='word_1_107' title='bbox 615 1186 662 1237; x_wconf 47' lang='lat' dir='ltr'>solis</span> <span class='ocrx_word' id='word_1_108' title='bbox 675 1187 721 1232; x_wconf 89' lang='lat' dir='ltr'>sive</span> 
     </span>
     <span class='ocr_line' id='line_1_17' title="bbox 53 1248 723 1312; baseline -0.006 -15"><span class='ocrx_word' id='word_1_109' title='bbox 53 1251 170 1312; x_wconf 80' lang='lat' dir='ltr'>oblpsam</span> <span class='ocrx_word' id='word_1_110' title='bbox 177 1257 284 1311; x_wconf 77' lang='lat' dir='ltr'>porrectae</span> <span class='ocrx_word' id='word_1_111' title='bbox 292 1251 316 1295; x_wconf 90' lang='lat' dir='ltr'>in</span> <span class='ocrx_word' id='word_1_112' title='bbox 324 1250 543 1297; x_wconf 87' lang='lat' dir='ltr'>immensumfrontis</span> <span class='ocrx_word' id='word_1_113' title='bbox 550 1248 723 1309; x_wconf 71' lang='lat' dir='ltr'>longitudinem·</span> 
     </span>
     <span class='ocr_line' id='line_1_18' title="bbox 54 1312 722 1375; baseline -0.004 -14"><span class='ocrx_word' id='word_1_114' title='bbox 54 1316 112 1361; x_wconf 86' lang='lat' dir='ltr'>dum</span> <span class='ocrx_word' id='word_1_115' title='bbox 125 1314 164 1374; x_wconf 86' lang='lat' dir='ltr'>qui</span> <span class='ocrx_word' id='word_1_116' title='bbox 175 1314 286 1375; x_wconf 89' lang='lat' dir='ltr'>superiora</span> <span class='ocrx_word' id='word_1_117' title='bbox 296 1328 403 1375; x_wconf 86' lang='lat' dir='ltr'>occupare</span> <span class='ocrx_word' id='word_1_118' title='bbox 414 1321 523 1359; x_wconf 87' lang='lat' dir='ltr'>conantur</span> <span class='ocrx_word' id='word_1_119' title='bbox 533 1314 559 1359; x_wconf 85' lang='lat' dir='ltr'>ab</span> <span class='ocrx_word' id='word_1_120' title='bbox 572 1312 674 1358; x_wconf 87' lang='lat' dir='ltr'>inferiora</span> <span class='ocrx_word' id='word_1_121' title='bbox 688 1319 722 1358; x_wconf 82' lang='lat' dir='ltr'>te·</span> 
     </span>
     <span class='ocr_line' id='line_1_19' title="bbox 55 1375 722 1437; baseline -0.006 -12"><span class='ocrx_word' id='word_1_122' title='bbox 55 1378 172 1431; x_wconf 64' lang='lat' dir='ltr'>aenaim,</span> <span class='ocrx_word' id='word_1_123' title='bbox 184 1377 336 1424; x_wconf 83' lang='lat' dir='ltr'>vel&#39;tardiorea</span> <span class='ocrx_word' id='word_1_124' title='bbox 347 1392 360 1423; x_wconf 91' lang='lat' dir='ltr'>a</span> <span class='ocrx_word' id='word_1_125' title='bbox 370 1378 512 1429; x_wconf 77' lang='lat' dir='ltr'>citationibus,</span> <span class='ocrx_word' id='word_1_126' title='bbox 524 1383 547 1422; x_wconf 89' lang='lat' dir='ltr'>et</span> <span class='ocrx_word' id='word_1_127' title='bbox 556 1375 722 1437; x_wconf 83' lang='lat' dir='ltr'>progredientes</span> 
     </span>
     <span class='ocr_line' id='line_1_20' title="bbox 55 1440 724 1502; baseline -0.007 -12"><span class='ocrx_word' id='word_1_128' title='bbox 55 1458 70 1490; x_wconf 90' lang='lat' dir='ltr'>a</span> <span class='ocrx_word' id='word_1_129' title='bbox 82 1442 260 1500; x_wconf 83' lang='lat' dir='ltr'>subsistentibus,</span> <span class='ocrx_word' id='word_1_130' title='bbox 272 1442 379 1488; x_wconf 87' lang='lat' dir='ltr'>instantes</span> <span class='ocrx_word' id='word_1_131' title='bbox 390 1441 483 1502; x_wconf 89' lang='lat' dir='ltr'>denique</span> <span class='ocrx_word' id='word_1_132' title='bbox 497 1440 556 1487; x_wconf 88' lang='lat' dir='ltr'>hosti</span> <span class='ocrx_word' id='word_1_133' title='bbox 570 1440 597 1486; x_wconf 89' lang='lat' dir='ltr'>ab</span> <span class='ocrx_word' id='word_1_134' title='bbox 614 1440 724 1501; x_wconf 65' lang='lat' dir='ltr'>impulsis·</span> 
     </span>
     <span class='ocr_line' id='line_1_21' title="bbox 54 1504 724 1566; baseline -0.004 -12"><span class='ocrx_word' id='word_1_135' title='bbox 54 1508 124 1566; x_wconf 76' lang='lat' dir='ltr'>inriti</span> <span class='ocrx_word' id='word_1_136' title='bbox 138 1507 198 1560; x_wconf 85' lang='lat' dir='ltr'>licet,</span> <span class='ocrx_word' id='word_1_137' title='bbox 215 1507 337 1553; x_wconf 87' lang='lat' dir='ltr'>necessario</span> <span class='ocrx_word' id='word_1_138' title='bbox 349 1507 490 1552; x_wconf 86' lang='lat' dir='ltr'>divelluntur.</span> <span class='ocrx_word' id='word_1_139' title='bbox 520 1505 585 1566; x_wconf 83' lang='lat' dir='ltr'>Ergo</span> <span class='ocrx_word' id='word_1_140' title='bbox 596 1511 621 1550; x_wconf 91' lang='lat' dir='ltr'>ut</span> <span class='ocrx_word' id='word_1_141' title='bbox 632 1504 724 1551; x_wconf 67' lang='lat' dir='ltr'>omnino*</span> 
     </span>
     <span class='ocr_line' id='line_1_22' title="bbox 56 1569 721 1632; baseline -0.006 -15"><span class='ocrx_word' id='word_1_142' title='bbox 56 1578 175 1632; x_wconf 76' lang='lat' dir='ltr'>rumperet</span> <span class='ocrx_word' id='word_1_143' title='bbox 186 1571 284 1628; x_wconf 85' lang='lat' dir='ltr'>ordinem</span> <span class='ocrx_word' id='word_1_144' title='bbox 294 1571 399 1625; x_wconf 87' lang='lat' dir='ltr'>hostium,</span> <span class='ocrx_word' id='word_1_145' title='bbox 415 1577 438 1617; x_wconf 88' lang='lat' dir='ltr'>et</span> <span class='ocrx_word' id='word_1_146' title='bbox 454 1569 647 1632; x_wconf 75' lang='lat' dir='ltr'>inexpugnabilem</span> <span class='ocrx_word' id='word_1_147' title='bbox 661 1569 721 1614; x_wconf 90' lang='lat' dir='ltr'>illam</span> 
     </span>
     <span class='ocr_line' id='line_1_23' title="bbox 56 1632 725 1696; baseline -0.007 -12"><span class='ocrx_word' id='word_1_148' title='bbox 56 1637 174 1684; x_wconf 72' lang='lat' dir='ltr'>uudveraae</span> <span class='ocrx_word' id='word_1_149' title='bbox 186 1635 300 1696; x_wconf 83' lang='lat' dir='ltr'>phalangis</span> <span class='ocrx_word' id='word_1_150' title='bbox 317 1635 402 1681; x_wconf 74' lang='lat' dir='ltr'>nimiu</span> <span class='ocrx_word' id='word_1_151' title='bbox 416 1635 487 1680; x_wconf 89' lang='lat' dir='ltr'>multa</span> <span class='ocrx_word' id='word_1_152' title='bbox 504 1633 628 1680; x_wconf 76' lang='lat' dir='ltr'>minutatim</span> <span class='ocrx_word' id='word_1_153' title='bbox 638 1632 725 1696; x_wconf 15' lang='lat' dir='ltr'>&#39;proelian</span> 
     </span>
     <span class='ocr_line' id='line_1_24' title="bbox 57 1696 722 1762; baseline -0.002 -17"><span class='ocrx_word' id='word_1_154' title='bbox 57 1707 170 1762; x_wconf 77' lang='lat' dir='ltr'>carperet,</span> <span class='ocrx_word' id='word_1_155' title='bbox 185 1700 278 1760; x_wconf 86' lang='lat' dir='ltr'>imperat</span> <span class='ocrx_word' id='word_1_156' title='bbox 292 1700 344 1752; x_wconf 85' lang='lat' dir='ltr'>suis,</span> <span class='ocrx_word' id='word_1_157' title='bbox 365 1705 390 1745; x_wconf 91' lang='lat' dir='ltr'>ut</span> <span class='ocrx_word' id='word_1_158' title='bbox 403 1699 482 1745; x_wconf 84' lang='lat' dir='ltr'>intenti</span> <span class='ocrx_word' id='word_1_159' title='bbox 499 1697 636 1760; x_wconf 77' lang='lat' dir='ltr'>qudcumque</span> <span class='ocrx_word' id='word_1_160' title='bbox 649 1696 722 1748; x_wconf 73' lang='lat' dir='ltr'>&#39;rimas</span> 
     </span>
     <span class='ocr_line' id='line_1_25' title="bbox 56 1763 722 1886; baseline -0.006 -10"><span class='ocrx_word' id='word_1_161' title='bbox 56 1763 442 1886; x_wconf 56' lang='lat' dir='ltr'>fflfflfflffl</span> <span class='ocrx_word' id='word_1_162' title='bbox 459 1763 722 1874; x_wconf 64' lang='lat' dir='ltr'>lititt&#39;l&#39;tltlll</span> 
     </span>
     <span class='ocr_line' id='line_1_26' title="bbox 185 1859 192 1881; baseline 0 0"><span class='ocrx_word' id='word_1_163' title='bbox 185 1859 192 1881; x_wconf 75' lang='grc'><strong><em>1</em></strong></span> 
     </span>
    </p>

    <p class='ocr_par' dir='ltr' id='par_1_3' title="bbox 2 1890 725 2086">
     <span class='ocr_line' id='line_1_27' title="bbox 2 1890 725 1955; baseline -0.006 -17"><span class='ocrx_word' id='word_1_164' title='bbox 2 1890 3 1895; x_wconf 71' lang='grc'>’</span> <span class='ocrx_word' id='word_1_165' title='bbox 55 1893 131 1955; x_wconf 87' lang='lat' dir='ltr'>spatia</span> <span class='ocrx_word' id='word_1_166' title='bbox 141 1892 286 1944; x_wconf 73' lang='lat' dir='ltr'>insinuantes,</span> <span class='ocrx_word' id='word_1_167' title='bbox 298 1899 388 1938; x_wconf 86' lang='lat' dir='ltr'>strenue</span> <span class='ocrx_word' id='word_1_168' title='bbox 398 1907 444 1938; x_wconf 86' lang='lat' dir='ltr'>rem</span> <span class='ocrx_word' id='word_1_169' title='bbox 456 1899 530 1953; x_wconf 82' lang='lat' dir='ltr'>agant.</span> <span class='ocrx_word' id='word_1_170' title='bbox 545 1891 599 1938; x_wconf 89' lang='lat' dir='ltr'>Hoc</span> <span class='ocrx_word' id='word_1_171' title='bbox 610 1891 669 1937; x_wconf 93' lang='lat' dir='ltr'>edito</span> <span class='ocrx_word' id='word_1_172' title='bbox 679 1891 725 1938; x_wconf 62' lang='lat' dir='ltr'>imi:</span> 
     </span>
     <span class='ocr_line' id='line_1_28' title="bbox 55 1955 722 2020; baseline 0.001 -19"><span class='ocrx_word' id='word_1_173' title='bbox 55 1958 129 2020; x_wconf 86' lang='lat' dir='ltr'>perio,</span> <span class='ocrx_word' id='word_1_174' title='bbox 142 1963 166 2002; x_wconf 92' lang='lat' dir='ltr'>et</span> <span class='ocrx_word' id='word_1_175' title='bbox 175 1971 215 2017; x_wconf 94' lang='lat' dir='ltr'>per</span> <span class='ocrx_word' id='word_1_176' title='bbox 222 1963 294 2001; x_wconf 88' lang='lat' dir='ltr'>totum</span> <span class='ocrx_word' id='word_1_177' title='bbox 303 1957 424 2001; x_wconf 87' lang='lat' dir='ltr'>exercitum</span> <span class='ocrx_word' id='word_1_178' title='bbox 432 1956 567 2008; x_wconf 85' lang='lat' dir='ltr'>circumlato,</span> <span class='ocrx_word' id='word_1_179' title='bbox 577 1956 624 2016; x_wconf 88' lang='lat' dir='ltr'>ipse</span> <span class='ocrx_word' id='word_1_180' title='bbox 631 1955 722 2002; x_wconf 82' lang='lat' dir='ltr'>alteram</span> 
     </span>
     <span class='ocr_line' id='line_1_29' title="bbox 56 2018 278 2086; baseline -0.018 -18"><span class='ocrx_word' id='word_1_181' title='bbox 56 2037 71 2068; x_wconf 83' lang='lat' dir='ltr'>e</span> <span class='ocrx_word' id='word_1_182' title='bbox 81 2020 210 2086; x_wconf 72' lang='lat' dir='ltr'>hgionibus</span> <span class='ocrx_word' id='word_1_183' title='bbox 220 2018 278 2083; x_wconf 77' lang='lat' dir='ltr'>in&#39;]</span> 
     </span>
    </p>

    <p class='ocr_par' dir='ltr' id='par_1_4' title="bbox 291 2082 481 2144">
     <span class='ocr_line' id='line_1_30' title="bbox 291 2082 481 2144; baseline 0 -16"><span class='ocrx_word' id='word_1_184' title='bbox 291 2082 394 2144; x_wconf 87' lang='lat' dir='ltr'>proelium</span> <span class='ocrx_word' id='word_1_185' title='bbox 405 2083 481 2128; x_wconf 84' lang='lat' dir='ltr'>ducit.-</span> 
     </span>
    </p>

    <p class='ocr_par' dir='ltr' id='par_1_5' title="bbox 55 2145 764 2530">
     <span class='ocr_line' id='line_1_31' title="bbox 89 2145 726 2208; baseline -0.006 -14"><span class='ocrx_word' id='word_1_186' title='bbox 89 2146 165 2194; x_wconf 75' lang='lat' dir='ltr'>XLI.</span> <span class='ocrx_word' id='word_1_187' title='bbox 184 2147 293 2193; x_wconf 75' lang='lat' dir='ltr'>Manebat</span> <span class='ocrx_word' id='word_1_188' title='bbox 302 2147 387 2208; x_wconf 86' lang='lat' dir='ltr'>imperii</span> <span class='ocrx_word' id='word_1_189' title='bbox 397 2148 506 2208; x_wconf 81' lang='lat' dir='ltr'>majestas,</span> <span class='ocrx_word' id='word_1_190' title='bbox 519 2146 590 2206; x_wconf 81' lang='lat' dir='ltr'>gloria</span> <span class='ocrx_word' id='word_1_191' title='bbox 603 2145 652 2196; x_wconf 72' lang='lat' dir='ltr'>uri,</span> <span class='ocrx_word' id='word_1_192' title='bbox 671 2145 726 2190; x_wconf 63' lang='lat' dir='ltr'>ants*</span> 
     </span>
     <span class='ocr_line' id='line_1_32' title="bbox 57 2209 764 2271; baseline -0.013 -11"><span class='ocrx_word' id='word_1_193' title='bbox 57 2213 138 2261; x_wconf 86' lang='lat' dir='ltr'>omnia</span> <span class='ocrx_word' id='word_1_194' title='bbox 149 2219 211 2264; x_wconf 81' lang='lat' dir='ltr'>retas,</span> <span class='ocrx_word' id='word_1_195' title='bbox 225 2211 290 2270; x_wconf 89' lang='lat' dir='ltr'>quod,</span> <span class='ocrx_word' id='word_1_196' title='bbox 309 2212 378 2271; x_wconf 88' lang='lat' dir='ltr'>major</span> <span class='ocrx_word' id='word_1_197' title='bbox 395 2210 510 2270; x_wconf 71' lang='lat' dir='ltr'>sexaginta</span> <span class='ocrx_word' id='word_1_198' title='bbox 528 2209 598 2260; x_wconf 82' lang='lat' dir='ltr'>annis,</span> <span class='ocrx_word' id='word_1_199' title='bbox 613 2211 722 2271; x_wconf 86' lang='lat' dir='ltr'>juvenum</span> <span class='ocrx_word' id='word_1_200' title='bbox 761 2240 764 2245; x_wconf 86' lang='lat'><em>-</em></span> 
     </span>
     <span class='ocr_line' id='line_1_33' title="bbox 57 2271 722 2337; baseline -0.012 -14"><span class='ocrx_word' id='word_1_201' title='bbox 57 2277 138 2324; x_wconf 91' lang='lat' dir='ltr'>munia</span> <span class='ocrx_word' id='word_1_202' title='bbox 148 2277 173 2320; x_wconf 91' lang='lat' dir='ltr'>in</span> <span class='ocrx_word' id='word_1_203' title='bbox 183 2283 245 2336; x_wconf 85' lang='lat' dir='ltr'>parte</span> <span class='ocrx_word' id='word_1_204' title='bbox 258 2272 369 2337; x_wconf 77' lang='lat' dir='ltr'>praecipud</span> <span class='ocrx_word' id='word_1_205' title='bbox 382 2273 463 2319; x_wconf 88' lang='lat' dir='ltr'>laboris</span> <span class='ocrx_word' id='word_1_206' title='bbox 478 2271 613 2334; x_wconf 79' lang='lat' dir='ltr'>periculique</span> <span class='ocrx_word' id='word_1_207' title='bbox 621 2285 722 2331; x_wconf 86' lang='lat' dir='ltr'>capesse-</span> 
     </span>
     <span class='ocr_line' id='line_1_34' title="bbox 56 2334 722 2398; baseline -0.017 -9"><span class='ocrx_word' id='word_1_208' title='bbox 56 2344 104 2389; x_wconf 85' lang='lat' dir='ltr'>bat.</span> <span class='ocrx_word' id='word_1_209' title='bbox 142 2338 295 2391; x_wconf 82' lang='lat' dir='ltr'>Intervallum,</span> <span class='ocrx_word' id='word_1_210' title='bbox 308 2337 367 2398; x_wconf 89' lang='lat' dir='ltr'>quod</span> <span class='ocrx_word' id='word_1_211' title='bbox 380 2339 437 2383; x_wconf 89' lang='lat' dir='ltr'>inter</span> <span class='ocrx_word' id='word_1_212' title='bbox 453 2343 547 2382; x_wconf 86' lang='lat' dir='ltr'>cetratos</span> <span class='ocrx_word' id='word_1_213' title='bbox 563 2342 586 2380; x_wconf 93' lang='lat' dir='ltr'>et</span> <span class='ocrx_word' id='word_1_214' title='bbox 601 2334 722 2395; x_wconf 73' lang='lat' dir='ltr'>phalanges</span> 
     </span>
     <span class='ocr_line' id='line_1_35' title="bbox 56 2397 725 2464; baseline -0.018 -11"><span class='ocrx_word' id='word_1_215' title='bbox 56 2413 116 2458; x_wconf 87' lang='lat' dir='ltr'>erat,</span> <span class='ocrx_word' id='word_1_216' title='bbox 128 2402 230 2464; x_wconf 83' lang='lat' dir='ltr'>implerit</span> <span class='ocrx_word' id='word_1_217' title='bbox 239 2403 306 2464; x_wconf 81' lang='lat' dir='ltr'>legio,</span> <span class='ocrx_word' id='word_1_218' title='bbox 322 2408 387 2461; x_wconf 81' lang='lat' dir='ltr'>atque</span> <span class='ocrx_word' id='word_1_219' title='bbox 401 2401 470 2447; x_wconf 84' lang='lat' dir='ltr'>aciem</span> <span class='ocrx_word' id='word_1_220' title='bbox 487 2399 584 2445; x_wconf 88' lang='lat' dir='ltr'>hostium</span> <span class='ocrx_word' id='word_1_221' title='bbox 596 2397 725 2458; x_wconf 80' lang='lat' dir='ltr'>interrupit·</span> 
     </span>
     <span class='ocr_line' id='line_1_36' title="bbox 55 2460 722 2530; baseline -0.015 -14"><span class='ocrx_word' id='word_1_222' title='bbox 55 2471 82 2528; x_wconf 74' lang='lat' dir='ltr'>A</span> <span class='ocrx_word' id='word_1_223' title='bbox 93 2478 163 2530; x_wconf 82' lang='lat' dir='ltr'>tergo</span> <span class='ocrx_word' id='word_1_224' title='bbox 172 2467 260 2513; x_wconf 85' lang='lat' dir='ltr'>cetratis</span> <span class='ocrx_word' id='word_1_225' title='bbox 267 2473 322 2518; x_wconf 74' lang='lat' dir='ltr'>erat,</span> <span class='ocrx_word' id='word_1_226' title='bbox 335 2464 431 2511; x_wconf 81' lang='lat' dir='ltr'>frontem</span> <span class='ocrx_word' id='word_1_227' title='bbox 442 2463 547 2510; x_wconf 88' lang='lat' dir='ltr'>adversus</span> <span class='ocrx_word' id='word_1_228' title='bbox 558 2462 670 2522; x_wconf 82' lang='lat' dir='ltr'>clypeatus</span> <span class='ocrx_word' id='word_1_229' title='bbox 682 2460 722 2506; x_wconf 91' lang='lat' dir='ltr'>ha-</span> 
     </span>
    </p>

    <p class='ocr_par' dir='ltr' id='par_1_6' title="bbox 2 2525 721 2779">
     <span class='ocr_line' id='line_1_37' title="bbox 2 2525 721 2592; baseline -0.014 -13"><span class='ocrx_word' id='word_1_230' title='bbox 2 2530 3 2579; x_wconf 74' lang='lat' dir='ltr'>l</span> <span class='ocrx_word' id='word_1_231' title='bbox 53 2535 136 2582; x_wconf 82' lang='lat' dir='ltr'>bebat:</span> <span class='ocrx_word' id='word_1_232' title='bbox 151 2530 454 2592; x_wconf 79' lang='lat' dir='ltr'>aglsspidesappellnbautur.</span> <span class='ocrx_word' id='word_1_233' title='bbox 481 2527 604 2574; x_wconf 79' lang='lat' dir='ltr'>Secundam</span> <span class='ocrx_word' id='word_1_234' title='bbox 611 2525 721 2586; x_wconf 86' lang='lat' dir='ltr'>legionem</span> 
     </span>
     <span class='ocr_line' id='line_1_38' title="bbox 2 2589 720 2652; baseline -0.013 -8"><span class='ocrx_word' id='word_1_235' title='bbox 2 2590 3 2621; x_wconf 44' lang='lat' dir='ltr'>l</span> <span class='ocrx_word' id='word_1_236' title='bbox 56 2598 88 2645; x_wconf 91' lang='lat' dir='ltr'>L.</span> <span class='ocrx_word' id='word_1_237' title='bbox 103 2595 203 2643; x_wconf 86' lang='lat' dir='ltr'>Albinus</span> <span class='ocrx_word' id='word_1_238' title='bbox 219 2595 339 2641; x_wconf 85' lang='lat' dir='ltr'>consularis</span> <span class='ocrx_word' id='word_1_239' title='bbox 356 2593 436 2640; x_wconf 86' lang='lat' dir='ltr'>ducere</span> <span class='ocrx_word' id='word_1_240' title='bbox 454 2592 559 2639; x_wconf 79' lang='lat' dir='ltr'>adversm</span> <span class='ocrx_word' id='word_1_241' title='bbox 575 2589 720 2652; x_wconf 82' lang='lat' dir='ltr'>leucaspidem</span> 
     </span>
     <span class='ocr_line' id='line_1_39' title="bbox 2 2652 720 2779; baseline -0.011 -71"><span class='ocrx_word' id='word_1_242' title='bbox 2 2684 4 2779; x_wconf 61' lang='lat' dir='ltr'>p</span> <span class='ocrx_word' id='word_1_243' title='bbox 51 2659 338 2728; x_wconf 62' lang='lat' dir='ltr'>phalangesup‘ussusrca</span> <span class='ocrx_word' id='word_1_244' title='bbox 348 2658 486 2708; x_wconf 74' lang='lat' dir='ltr'>medicarier</span> <span class='ocrx_word' id='word_1_245' title='bbox 500 2656 598 2704; x_wconf 78' lang='lat' dir='ltr'>hostium</span> <span class='ocrx_word' id='word_1_246' title='bbox 607 2653 655 2702; x_wconf 79' lang='lat' dir='ltr'>fuit.</span> <span class='ocrx_word' id='word_1_247' title='bbox 691 2652 720 2700; x_wconf 88' lang='lat' dir='ltr'>Iu</span> 
     </span>
    </p>
   </div>
   <div class='ocr_carea' id='block_1_3' title="bbox 0 0 903 2950">
    <p class='ocr_par' dir='ltr' id='par_1_7' title="bbox 0 0 903 2950">
     <span class='ocr_line' id='line_1_40' title="bbox 0 0 903 2950; baseline 0 0"><span class='ocrx_word' id='word_1_248' title='bbox 0 0 903 2950; x_wconf 95' lang='lat' dir='ltr'> </span> 
     </span>
    </p>
   </div>
  </div>
 </body>
</html>
