1792 2950
181 534 223 599 u.
239 533 356 631 Livii
379 536 607 609 Pluuviui

87 718 198 771 LIBER
214 720 515 777 QUADRAGESIMUS
533 726 693 799 QUINTUS.

90 994 112 1043 I.
131 994 260 1045 vacuom
271 1000 350 1054 nuntii,
366 998 398 1053 Q„
409 998 491 1048 Fabius
504 1009 526 1049 et
537 1004 566 1051 L.
577 1004 688 1054 Lentulus
698 1016 721 1055 et

54 1061 92 1116 Q,
103 1061 221 1116 Metellus,
232 1073 314 1124 quanta
323 1058 396 1126 potuit
406 1065 502 1113 adhiberi
511 1065 629 1122 festinatio,
644 1072 720 1118 celcri-

53 1133 92 1173 ter
106 1126 206 1172 Romam
221 1143 272 1174 cum
285 1130 404 1181 venisseut,
421 1137 565 1190 praecerptam
582 1139 656 1180 tamen
672 1138 720 1197 ejus

51 1191 87 1238 rei
97 1191 200 1237 laetitiam
209 1192 349 1239 invenerunt.
375 1192 462 1245 Quinto
472 1201 523 1257 post
534 1195 576 1249 die,
590 1211 656 1256 quam
667 1214 717 1247 cum

52 1270 111 1317 rege
121 1262 156 1302 est
166 1263 297 1318 pugnatum,
309 1273 360 1303 curn
370 1257 394 1302 in
402 1257 461 1303 circo
469 1258 515 1304 ludi
522 1258 607 1312 fierent,
619 1275 719 1307 murmur

49 1321 235 1438 sautu
247 1321 586 1447 Ἥ

49 1450 123 1497 mitus
132 1448 264 1497 increbuiit:
283 1457 395 1513 postremo
406 1450 489 1497 clamor
501 1451 641 1513 plaususque,
656 1452 718 1500 velut

48 1522 115 1562 certo
126 1515 205 1560 nuntio
216 1515 316 1562 victoriae
326 1515 399 1567 allato,
412 1523 446 1561 est
457 1521 554 1562 exortus.
580 1515 659 1562 Mirari
670 1533 717 1564 rna-

46 1579 168 1644 gistratau,
188 1586 211 1625 et
229 1595 329 1641 quaerere
346 1586 460 1626 auctorem
479 1581 599 1642 repentinae
615 1580 715 1640 laetitiae;

47 1644 91 1704 qui
106 1650 225 1704 postquam
239 1645 313 1691 nullus
328 1651 382 1698 crat,
399 1644 490 1690 evanuit
501 1644 589 1704 quidem
603 1651 716 1705 tamquam

46 1709 145 1754 incerte
161 1707 192 1772 rei
208 1708 329 1770 gaudium
348 1723 414 1754 ornan
429 1715 503 1755 tamen
518 1709 594 1755 laetum
608 1709 716 1756 insidebat

46 1772 140 1820 animis.
167 1771 236 1826 Quod
249 1780 366 1834 postquam
377 1771 436 1819 veris
446 1771 529 1819 nuntiis
540 1772 602 1820 Fabii
613 1771 715 1820 Lentuli-

44 1853 95 1898 que
111 1843 135 1882 et
150 1835 240 1882 Metelli
255 1836 352 1883 adventu
367 1835 478 1884 firmatum
495 1845 536 1891 est,
554 1853 604 1884 cum
622 1836 714 1886 notarit

45 1899 107 1963 ipsud,
120 1907 178 1946 -tum
198 1901 291 1962 augurio
309 1901 431 1948 animorum
454 1916 551 1958 suorum,
574 1903 710 1950 laetabautur.

45 1965 85 2014 Et
99 1965 163 2011 alitor
177 1965 270 2011 traditur
283 1965 387 2026 circensis
401 1967 472 2012 turbae
488 1981 532 2012 nou
547 1967 620 2013 minua
637 1968 713 2014 similis

45 2030 99 2077 veri
109 2029 195 2075 laetitu
217 2028 279 2076 Ante
289 2030 347 2076 diem
358 2029 468 2078 decimum
477 2028 587 2078 Cdendas
595 2030 711 2085 Octobres,

43 2094 153 2141 ludousa
162 2092 316 2139 Romanorum
325 2093 422 2140 secundo
430 2093 471 2147 dic,
485 2091 513 2141 C.
523 2093 610 2140 Licinio
618 2094 711 2150 consuli,

45 2159 104 2220 adq
158 2157 164 2170 ’
217 2158 336 2216 mittendas
346 2157 479 2214 escendenti,
495 2158 624 2211 tabellarius,
640 2157 676 2218 qui
688 2171 712 2202 se

44 2237 78 2270 ex
89 2223 119 2269 M
189 2219 226 2269 nit
235 2223 311 2269 venire
321 2222 409 2276 diceret,
422 2222 437 2249 θ
450 2223 464 2250 “
475 2221 583 2267 laureatas
594 2221 668 2266 literas
679 2219 711 2264 di-

45 2288 120 2335 citur:
144 2287 257 2348 quadrigis
271 2287 353 2343 missis,
370 2284 448 2332 consul
463 2300 552 2332 currum
568 2283 708 2332 conscendit:

45 2359 78 2405 ct,
90 2365 143 2398 cum
154 2365 193 2412 per
204 2352 286 2397 &cum
295 2351 436 2408 reveheretur
445 2347 541 2406 adforoa
549 2349 653 2410 publicos,
663 2347 711 2393 lsu·

44 2422 121 2463 reatu
136 2415 227 2462 tabellas
242 2416 324 2478 populo
343 2414 445 2462 ostendit.
475 2413 562 2471 Quibus
579 2412 709 2474 conspectis,

41 2487 140 2545 repente
153 2479 270 2529 immemor
284 2479 402 2544 spectaculi
415 2477 510 2540 populus
524 2477 547 2522 in
561 2476 657 2522 medium
672 2476 710 2522 ‹lc-

43 2545 129 2592 canit:
148 2559 176 2590 eo
187 2551 288 2591 senatum
299 2544 377 2590 consul
387 2542 482 2595 vocavit,
494 2541 633 2602 recitatisque
643 2540 711 2588 ubel-

43 2610 82 2662 lis,
94 2621 125 2655 ex
135 2608 266 2654 auctoritate
277 2605 369 2654 Petrum
379 2622 421 2669 pro
430 2605 485 2664 ioris
495 2605 586 2668 publicis
596 2605 711 2652 denuntia-

44 2673 81 2724 νὴ
96 2672 204 2740 pupulos¹
217 2678 233 2704 ‘¹
242 2670 271 2719 l,
282 2671 402 2722 AEmilium
415 2670 526 2784 {ollegatn
540 2668 610 2734 siguis
624 2668 709 2718 solata

47 2749 58 2756 υ
105 2749 110 2754 .
313 2745 318 2757 a
441 2747 458 2782 n
474 2738 490 2782 8
